2167 3750
346 437 450 501 steen
467 437 696 496 U-NDECIMUSn

507 576 522 634 3

90 658 201 715 Talibus
221 659 315 712 ellatur
332 653 444 708 monitis
463 655 524 724 pius
542 653 644 707 assecla
662 652 762 708 Christi

124 729 259 796 Insignem
278 727 379 798 pietate
396 728 520 793 Ducem,
541 725 587 792 qui
608 742 715 795 parcere
733 722 813 778 dictis

124 803 187 856 Non
205 799 387 868 dedignatur,
407 798 506 850 docilis
525 799 573 851 sed
592 806 680 851 mente
697 799 837 870 benigna,

121 874 174 928 Vir
192 872 292 925 dilecte
312 871 395 942 polo,
413 869 507 935 dixit,
526 875 573 922 lua
590 871 661 937 jussa
680 871 796 923 libenter
831 902 833 913 ι

123 945 205 998 Sacra
214 961 309 1011 sequar
319 964 325 996 :
337 942 463 996 Nostrum
473 958 660 1011 proceresque,
668 943 799 1011 ducesque
811 962 909 1000 vocure

126 1018 220 1082 Sitque
239 1027 314 1067 tuum
333 1015 433 1086 pariter
452 1015 464 1080 (
482 1014 522 1065 fas
539 1015 554 1083 )
572 1016 735 1085 compellare
754 1017 891 1076 ministres

125 1087 229 1140 Altaris
245 1107 252 1138 ι
271 1086 382 1139 Maneat
399 1103 449 1138 ros
469 1103 559 1139 sacros
578 1088 797 1141 comministros

47 1215 50 1218 ,
127 1159 336 1228 solemnesque,
354 1159 463 1228 piasque
482 1157 562 1211 simul
581 1177 740 1231 componere
757 1177 883 1235 pompas.
972 1224 978 1239 ⁶

92 1302 216 1357 Crastina
235 1316 294 1362 cum
312 1300 428 1371 primunt
446 1300 493 1353 lux
512 1302 587 1356 coelo
605 1302 680 1356 fulsit
697 1304 778 1370 Eoo,
830 1323 835 1332 ·

130 1374 285 1428 Convenere
304 1373 384 1424 simul
403 1383 479 1428 vates
499 1389 559 1426 cum
577 1376 693 1429 Vatibus
712 1377 774 1430 altis

129 1443 163 1495 Io
182 1446 276 1497 cestrie
291 1482 300 1510 ,
318 1445 365 1496 ubi
384 1444 472 1498 divini
491 1447 662 1498 celebrantur
680 1449 803 1502 honores.

129 1516 200 1569 Alba
220 1534 300 1584 super
318 1530 409 1569 vestes
428 1517 475 1567 aiii
493 1519 630 1572 velamina
649 1522 780 1590 cingunt3

130 1587 166 1639 At
186 1589 297 1656 geminis
315 1587 472 1640 Pectoribus
494 1588 515 1641 it
532 1589 647 1643 demissa
667 1612 714 1662 per
734 1593 802 1643 imos

120 1659 211 1711 ‚Picta
229 1661 305 1726 pedes
324 1659 443 1728 chlamys
463 1680 495 1713 ex
516 1678 602 1724 auro,
622 1681 701 1728 qnam
720 1663 800 1716 fibula
819 1657 905 1712 nectit

135 1727 440 1798 superruentium,
464 1744 490 1784 et
509 1732 558 1784 sub
578 1735 694 1801 tegmine
713 1732 821 1787 carbasa
840 1730 929 1791 celata

132 1800 221 1853 Jalula
235 1805 315 1855 'sacra
335 1805 409 1871 queis
429 1803 576 1858 redimibat
593 1814 717 1878 tempora
734 1803 856 1878 gemmis.
930 1840 932 1843 -

184 1877 198 1901 Q
504 1877 520 1926 5
661 1903 663 1908 ,

92 1946 238 2008 Praecedit
253 1947 347 1999 Petrus
367 1946 460 2012 solus,
481 1949 626 2016 panditque
646 1958 692 2012 per
709 1962 787 2001 auras

127 2018 265 2073 Vexillum
285 2019 378 2071 Crucis
396 2026 521 2087 augustae
538 2016 697 2073 venerabile
716 2020 820 2086 coelis3
853 2049 855 2052 v

127 2090 194 2142 Inde
214 2091 307 2142 chorus
326 2102 416 2143 votum
433 2090 492 2142 bini
510 2092 591 2157 longo
608 2087 704 2139 ordine
723 2091 823 2157 passim
850 2089 854 2093 ’

129 2159 203 2213 Pone
224 2173 371 2230 sequuntur
389 2180 448 2213 eum
467 2164 572 2214 incessu
593 2162 720 2225 lentoque
737 2197 745 2225 ,
760 2162 887 2230 gravique
903 2179 911 2210 r

132 2234 265 2285 Carmina
284 2233 411 2285 submissi
428 2232 596 2285 modulantes
616 2248 681 2284 voce
701 2233 822 2285 modesta

131 2304 280 2357 Pulsabanl
298 2303 401 2356 circum
422 2303 534 2356 alternis
553 2303 725 2356 concentibus
745 2321 820 2356 auras
831 2322 842 2367 5

132 2375 266 2426 Postremi
284 2377 396 2428 sobennt
416 2377 566 2446 gradientes
588 2378 711 2444 passibus
730 2377 831 2441 aequis¹

132 2446 279 2500 Poulilices
291 2486 299 2515 ,
310 2463 446 2515 sacrosque
457 2448 572 2520 choros,
581 2459 659 2514 atque
673 2448 782 2515 agmina
791 2443 928 2500 claudunt,

102 2587 277 2655 Subsequitur
295 2589 377 2655 Dux,
397 2600 425 2641 ut
444 2606 501 2641 snos
522 2601 562 2643 est
580 2591 678 2655 ducis,
698 2588 873 2642 incomitatus
891 2620 900 2650 ‚

135 2660 347 2727 Pontifionmqne
365 2661 432 2729 legit
449 2662 523 2727 juxte
543 2665 657 2728 vestigia
676 2667 765 2730 gressu
784 2681 793 2727 3

135 2731 210 2783 Pone
232 2733 310 2790 duces
329 2732 411 2798 bini,
432 2751 602 2800 proceresque
623 2744 765 2799 sequuntur
784 2741 899 2784 euntes.

137 2801 253 2868 Agmina
270 2822 318 2873 per
337 2818 429 2871 gyrum
448 2806 511 2859 inde
531 2807 655 2856 subibant
673 2806 766 2857 ordine
784 2811 870 2857 certo.
902 2844 904 2848 ,

137 2874 201 2924 Exit
220 2876 254 2925 iu'
267 2887 370 2944 apertos
390 2876 482 2929 abiens
503 2891 535 2927 ex
556 2891 647 2946 aggere
666 2893 776 2945 campos

140 2944 186 3018 Sic
203 2946 273 2998 bene
293 2948 436 3016 dispositus
455 2950 563 3018 supplex
583 2949 713 2999 exereitus
732 2946 829 2999 omnis.

139 3017 200 3067 AEra
219 3018 301 3070 silent
320 3020 449 3088 penitus,
469 3020 572 3087 penitus
592 3021 745 3086 sonitusque
765 3019 909 3075 tubarum,

138 3088 249 3143 AElhera
269 3090 316 3144 sed
334 3091 515 3146 tantummddo
536 3093 617 3155 verba
635 3090 775 3159 precantia
794 3086 932 3156 frangunt.
