<?xml version="1.0" encoding="UTF-8"?>
<!DOCTYPE html PUBLIC "-//W3C//DTD XHTML 1.0 Transitional//EN"
    "http://www.w3.org/TR/xhtml1/DTD/xhtml1-transitional.dtd">
<html xmlns="http://www.w3.org/1999/xhtml" xml:lang="en" lang="en">
 <head>
  <title>
</title>
<meta http-equiv="Content-Type" content="text/html;charset=utf-8" />
  <meta name='ocr-system' content='tesseract 3.04.00' />
  <meta name='ocr-capabilities' content='ocr_page ocr_carea ocr_par ocr_line ocrx_word'/>
</head>
<body>
  <div class='ocr_page' id='page_1' title='image "./torquatitassije01tassgoog_0145.png"; bbox 0 0 2167 3750; ppageno 0'>
   <div class='ocr_carea' id='block_1_1' title="bbox 222 333 878 437">
    <p class='ocr_par' dir='ltr' id='par_1_1' title="bbox 222 333 878 437">
     <span class='ocr_line' id='line_1_1' title="bbox 222 333 878 437; baseline -0.003 -14"><span class='ocrx_word' id='word_1_1' title='bbox 222 359 670 437; x_wconf 70' lang='lat' dir='ltr'>uusasusumsresuue</span> <span class='ocrx_word' id='word_1_2' title='bbox 822 333 878 430; x_wconf 72' lang='lat' dir='ltr'>its</span> 
     </span>
    </p>
   </div>
   <div class='ocr_carea' id='block_1_2' title="bbox 40 576 933 3093">
    <p class='ocr_par' dir='ltr' id='par_1_2' title="bbox 40 576 933 3093">
     <span class='ocr_line' id='line_1_2' title="bbox 40 576 790 653; baseline -0.011 -15"><span class='ocrx_word' id='word_1_3' title='bbox 40 580 180 653; x_wconf 58' lang='lat' dir='ltr'>Appareut</span> <span class='ocrx_word' id='word_1_4' title='bbox 200 583 292 634; x_wconf 85' lang='lat' dir='ltr'>subito</span> <span class='ocrx_word' id='word_1_5' title='bbox 311 582 393 631; x_wconf 83' lang='lat' dir='ltr'>nubes</span> <span class='ocrx_word' id='word_1_6' title='bbox 408 614 417 642; x_wconf 89' lang='lat'><strong>‚</strong></span> <span class='ocrx_word' id='word_1_7' title='bbox 437 595 503 644; x_wconf 77' lang='lat' dir='ltr'>quas</span> <span class='ocrx_word' id='word_1_8' title='bbox 518 576 642 628; x_wconf 87' lang='lat' dir='ltr'>Phoebus</span> <span class='ocrx_word' id='word_1_9' title='bbox 660 578 690 629; x_wconf 85' lang='lat' dir='ltr'>in</span> <span class='ocrx_word' id='word_1_10' title='bbox 708 579 790 631; x_wconf 87' lang='lat' dir='ltr'>altum</span> 
     </span>
     <span class='ocr_line' id='line_1_3' title="bbox 74 651 791 720; baseline -0.011 -11"><span class='ocrx_word' id='word_1_11' title='bbox 74 659 119 710; x_wconf 90' lang='lat' dir='ltr'>De</span> <span class='ocrx_word' id='word_1_12' title='bbox 139 658 219 707; x_wconf 86' lang='lat' dir='ltr'>terris</span> <span class='ocrx_word' id='word_1_13' title='bbox 238 657 430 720; x_wconf 76' lang='lat' dir='ltr'>necquicquam</span> <span class='ocrx_word' id='word_1_14' title='bbox 450 652 561 709; x_wconf 75' lang='lat' dir='ltr'>sustulit</span> <span class='ocrx_word' id='word_1_15' title='bbox 580 654 640 716; x_wconf 84' lang='lat' dir='ltr'>igue</span> <span class='ocrx_word' id='word_1_16' title='bbox 659 651 791 713; x_wconf 74' lang='lat' dir='ltr'>curiates,</span> 
     </span>
     <span class='ocr_line' id='line_1_4' title="bbox 75 720 790 792; baseline -0.007 -14"><span class='ocrx_word' id='word_1_17' title='bbox 75 729 132 779; x_wconf 74' lang='lat' dir='ltr'>Sed</span> <span class='ocrx_word' id='word_1_18' title='bbox 153 728 277 792; x_wconf 77' lang='lat' dir='ltr'><strong>delapsae</strong></span> <span class='ocrx_word' id='word_1_19' title='bbox 298 729 431 776; x_wconf 79' lang='lat' dir='ltr'>interrae</span> <span class='ocrx_word' id='word_1_20' title='bbox 451 723 484 771; x_wconf 89' lang='lat' dir='ltr'>ab</span> <span class='ocrx_word' id='word_1_21' title='bbox 505 720 663 774; x_wconf 85' lang='lat' dir='ltr'>coelestibus</span> <span class='ocrx_word' id='word_1_22' title='bbox 685 722 790 783; x_wconf 81' lang='lat' dir='ltr'>antris,</span> 
     </span>
     <span class='ocr_line' id='line_1_5' title="bbox 79 793 701 865; baseline -0.01 -15"><span class='ocrx_word' id='word_1_23' title='bbox 79 802 160 850; x_wconf 85' lang='lat' dir='ltr'>Unde</span> <span class='ocrx_word' id='word_1_24' title='bbox 177 800 231 853; x_wconf 88' lang='lat' dir='ltr'>Dei</span> <span class='ocrx_word' id='word_1_25' title='bbox 249 801 323 861; x_wconf 80' lang='lat' dir='ltr'>jussu</span> <span class='ocrx_word' id='word_1_26' title='bbox 342 797 430 865; x_wconf 85' lang='lat' dir='ltr'>pulsae</span> <span class='ocrx_word' id='word_1_27' title='bbox 451 810 550 844; x_wconf 85' lang='lat' dir='ltr'>venere</span> <span class='ocrx_word' id='word_1_28' title='bbox 571 793 701 844; x_wconf 75' lang='lat' dir='ltr'><strong>volantes.</strong></span> 
     </span>
     <span class='ocr_line' id='line_1_6' title="bbox 79 866 789 941; baseline -0.011 -19"><span class='ocrx_word' id='word_1_29' title='bbox 79 871 211 941; x_wconf 81' lang='lat' dir='ltr'>Eripiunt</span> <span class='ocrx_word' id='word_1_30' title='bbox 231 870 321 920; x_wconf 85' lang='lat' dir='ltr'>subito</span> <span class='ocrx_word' id='word_1_31' title='bbox 343 868 424 917; x_wconf 86' lang='lat' dir='ltr'>uubes</span> <span class='ocrx_word' id='word_1_32' title='bbox 444 866 620 929; x_wconf 82' lang='lat' dir='ltr'>coelumque,</span> <span class='ocrx_word' id='word_1_33' title='bbox 641 866 789 930; x_wconf 82' lang='lat' dir='ltr'>diemque,</span> 
     </span>
     <span class='ocr_line' id='line_1_7' title="bbox 78 933 838 1009; baseline -0.013 -14"><span class='ocrx_word' id='word_1_34' title='bbox 78 946 236 1009; x_wconf 85' lang='lat' dir='ltr'>Cunctaque</span> <span class='ocrx_word' id='word_1_35' title='bbox 251 943 407 1008; x_wconf 22' lang='lat' dir='ltr'>*nigrescunt</span> <span class='ocrx_word' id='word_1_36' title='bbox 427 939 525 988; x_wconf 84' lang='lat' dir='ltr'>circum</span> <span class='ocrx_word' id='word_1_37' title='bbox 547 935 679 988; x_wconf 84' lang='lat' dir='ltr'>subducta</span> <span class='ocrx_word' id='word_1_38' title='bbox 699 933 838 997; x_wconf 82' lang='lat' dir='ltr'>tenebris,</span> 
     </span>
     <span class='ocr_line' id='line_1_8' title="bbox 81 1007 843 1079; baseline -0.014 -12"><span class='ocrx_word' id='word_1_39' title='bbox 81 1016 297 1079; x_wconf 77' lang='lat' dir='ltr'>Praecipitesque</span> <span class='ocrx_word' id='word_1_40' title='bbox 318 1022 397 1063; x_wconf 85' lang='lat' dir='ltr'>ruunt</span> <span class='ocrx_word' id='word_1_41' title='bbox 417 1008 567 1076; x_wconf 78' lang='lat' dir='ltr'><strong>liquefactis</strong></span> <span class='ocrx_word' id='word_1_42' title='bbox 586 1009 703 1060; x_wconf 86' lang='lat' dir='ltr'>nubibus</span> <span class='ocrx_word' id='word_1_43' title='bbox 719 1007 843 1071; x_wconf 77' lang='lat' dir='ltr'>imbres,</span> 
     </span>
     <span class='ocr_line' id='line_1_9' title="bbox 82 1079 792 1203; baseline -0.015 -64"><span class='ocrx_word' id='word_1_44' title='bbox 82 1087 161 1139; x_wconf 80' lang='lat' dir='ltr'>Unde</span> <span class='ocrx_word' id='word_1_45' title='bbox 179 1082 242 1137; x_wconf 85' lang='lat' dir='ltr'>fluit</span> <span class='ocrx_word' id='word_1_46' title='bbox 260 1084 371 1152; x_wconf 76' lang='lat' dir='ltr'>lympha</span> <span class='ocrx_word' id='word_1_47' title='bbox 389 1080 537 1203; x_wconf 48' lang='lat' dir='ltr'>exuuqanti</span> <span class='ocrx_word' id='word_1_48' title='bbox 556 1083 676 1147; x_wconf 72' lang='lat' dir='ltr'>garrulus</span> <span class='ocrx_word' id='word_1_49' title='bbox 696 1079 792 1133; x_wconf 82' lang='lat' dir='ltr'>amnis.</span> 
     </span>
     <span class='ocr_line' id='line_1_10' title="bbox 49 1171 727 1297; baseline -0.009 -17"><span class='ocrx_word' id='word_1_50' title='bbox 49 1234 135 1297; x_wconf 77' lang='lat' dir='ltr'>thue</span> <span class='ocrx_word' id='word_1_51' title='bbox 156 1230 246 1281; x_wconf 84' lang='lat' dir='ltr'>solent</span> <span class='ocrx_word' id='word_1_52' title='bbox 266 1240 356 1281; x_wconf 77' lang='lat' dir='ltr'>anates</span> <span class='ocrx_word' id='word_1_53' title='bbox 375 1171 474 1278; x_wconf 61' lang='lat' dir='ltr'>aestiio</span> <span class='ocrx_word' id='word_1_54' title='bbox 491 1220 609 1292; x_wconf 80' lang='lat' dir='ltr'>tempore</span> <span class='ocrx_word' id='word_1_55' title='bbox 633 1241 727 1292; x_wconf 88' lang='lat' dir='ltr'>saepe,</span> 
     </span>
     <span class='ocr_line' id='line_1_11' title="bbox 84 1292 790 1370; baseline -0.017 -15"><span class='ocrx_word' id='word_1_56' title='bbox 84 1305 112 1355; x_wconf 83' lang='lat' dir='ltr'>Si</span> <span class='ocrx_word' id='word_1_57' title='bbox 130 1303 204 1353; x_wconf 85' lang='lat' dir='ltr'>forte</span> <span class='ocrx_word' id='word_1_58' title='bbox 225 1303 313 1370; x_wconf 80' lang='lat' dir='ltr'>optati</span> <span class='ocrx_word' id='word_1_59' title='bbox 331 1300 480 1349; x_wconf 81' lang='lat' dir='ltr'>tunduntur</span> <span class='ocrx_word' id='word_1_60' title='bbox 499 1297 531 1346; x_wconf 85' lang='lat' dir='ltr'>ab</span> <span class='ocrx_word' id='word_1_61' title='bbox 552 1301 661 1347; x_wconf 80' lang='lat' dir='ltr'>aethere</span> <span class='ocrx_word' id='word_1_62' title='bbox 680 1292 765 1345; x_wconf 81' lang='lat' dir='ltr'>nimbi</span> <span class='ocrx_word' id='word_1_63' title='bbox 784 1312 790 1342; x_wconf 92' lang='lat'><strong>:</strong></span> 
     </span>
     <span class='ocr_line' id='line_1_12' title="bbox 82 1367 861 1437; baseline -0.021 -11"><span class='ocrx_word' id='word_1_64' title='bbox 82 1376 156 1426; x_wconf 83' lang='lat' dir='ltr'><strong>Dant</strong></span> <span class='ocrx_word' id='word_1_65' title='bbox 175 1376 301 1425; x_wconf 87' lang='lat' dir='ltr'>Sonitum</span> <span class='ocrx_word' id='word_1_66' title='bbox 319 1389 412 1422; x_wconf 79' lang='lat' dir='ltr'>raucae</span> <span class='ocrx_word' id='word_1_67' title='bbox 431 1385 478 1437; x_wconf 87' lang='lat' dir='ltr'>per</span> <span class='ocrx_word' id='word_1_68' title='bbox 496 1367 591 1418; x_wconf 85' lang='lat' dir='ltr'>littura</span> <span class='ocrx_word' id='word_1_69' title='bbox 610 1373 680 1418; x_wconf 84' lang='lat' dir='ltr'>sicea</span> <span class='ocrx_word' id='word_1_70' title='bbox 698 1367 861 1429; x_wconf 75' lang='lat' dir='ltr'>loquacem,</span> 
     </span>
     <span class='ocr_line' id='line_1_13' title="bbox 83 1436 850 1517; baseline -0.022 -19"><span class='ocrx_word' id='word_1_71' title='bbox 83 1439 283 1517; x_wconf 81' lang='lat' dir='ltr'>Excipiuutqiae</span> <span class='ocrx_word' id='word_1_72' title='bbox 302 1445 401 1496; x_wconf 86' lang='lat' dir='ltr'>imbres</span> <span class='ocrx_word' id='word_1_73' title='bbox 418 1441 473 1492; x_wconf 84' lang='lat' dir='ltr'>lato</span> <span class='ocrx_word' id='word_1_74' title='bbox 491 1457 551 1490; x_wconf 89' lang='lat' dir='ltr'>cum</span> <span class='ocrx_word' id='word_1_75' title='bbox 569 1454 704 1490; x_wconf 87' lang='lat' dir='ltr'>murmure</span> <span class='ocrx_word' id='word_1_76' title='bbox 723 1436 816 1485; x_wconf 80' lang='lat' dir='ltr'>charos</span> <span class='ocrx_word' id='word_1_77' title='bbox 828 1436 850 1498; x_wconf 71' lang='lat'>,&#39;</span> 
     </span>
     <span class='ocr_line' id='line_1_14' title="bbox 82 1509 810 1586; baseline -0.018 -17"><span class='ocrx_word' id='word_1_78' title='bbox 82 1517 300 1586; x_wconf 83' lang='lat' dir='ltr'>Expanduutquc</span> <span class='ocrx_word' id='word_1_79' title='bbox 319 1516 374 1566; x_wconf 83' lang='lat' dir='ltr'>slas</span> <span class='ocrx_word' id='word_1_80' title='bbox 392 1512 513 1569; x_wconf 77' lang='lat' dir='ltr'>venienti</span> <span class='ocrx_word' id='word_1_81' title='bbox 532 1528 547 1562; x_wconf 91' lang='lat' dir='ltr'>e</span> <span class='ocrx_word' id='word_1_82' title='bbox 566 1512 680 1561; x_wconf 86' lang='lat' dir='ltr'>nubibus</span> <span class='ocrx_word' id='word_1_83' title='bbox 700 1509 810 1567; x_wconf 87' lang='lat' dir='ltr'>undae,</span> 
     </span>
     <span class='ocr_line' id='line_1_15' title="bbox 81 1580 850 1658; baseline -0.018 -16"><span class='ocrx_word' id='word_1_84' title='bbox 81 1591 119 1642; x_wconf 84' lang='lat' dir='ltr'>Et</span> <span class='ocrx_word' id='word_1_85' title='bbox 138 1591 228 1658; x_wconf 83' lang='lat' dir='ltr'>placet</span> <span class='ocrx_word' id='word_1_86' title='bbox 245 1590 331 1641; x_wconf 84' lang='lat' dir='ltr'>imbre</span> <span class='ocrx_word' id='word_1_87' title='bbox 351 1588 422 1639; x_wconf 78' lang='lat' dir='ltr'>nevo</span> <span class='ocrx_word' id='word_1_88' title='bbox 439 1583 578 1635; x_wconf 85' lang='lat' dir='ltr'>madefieri</span> <span class='ocrx_word' id='word_1_89' title='bbox 597 1586 693 1650; x_wconf 82' lang='lat' dir='ltr'>‘corpus</span> <span class='ocrx_word' id='word_1_90' title='bbox 713 1580 850 1630; x_wconf 77' lang='lat' dir='ltr'>adustum·</span> 
     </span>
     <span class='ocr_line' id='line_1_16' title="bbox 87 1656 821 1725; baseline -0.019 -12"><span class='ocrx_word' id='word_1_91' title='bbox 87 1661 244 1713; x_wconf 74' lang='lat' dir='ltr'>Accurrunt</span> <span class='ocrx_word' id='word_1_92' title='bbox 258 1698 267 1725; x_wconf 84' lang='lat'>‚</span> <span class='ocrx_word' id='word_1_93' title='bbox 281 1661 329 1711; x_wconf 87' lang='lat' dir='ltr'>ubi</span> <span class='ocrx_word' id='word_1_94' title='bbox 349 1662 443 1722; x_wconf 79' lang='lat' dir='ltr'>major</span> <span class='ocrx_word' id='word_1_95' title='bbox 456 1657 533 1724; x_wconf 84' lang='lat' dir='ltr'>eopia</span> <span class='ocrx_word' id='word_1_96' title='bbox 554 1656 652 1705; x_wconf 87' lang='lat' dir='ltr'>crescit</span> <span class='ocrx_word' id='word_1_97' title='bbox 670 1666 795 1716; x_wconf 82' lang='lat' dir='ltr'>aquarum</span> <span class='ocrx_word' id='word_1_98' title='bbox 811 1664 821 1710; x_wconf 67' lang='grc' dir='ltr'>ς</span> 
     </span>
     <span class='ocr_line' id='line_1_17' title="bbox 90 1720 772 1798; baseline -0.018 -13"><span class='ocrx_word' id='word_1_99' title='bbox 90 1732 223 1798; x_wconf 74' lang='lat' dir='ltr'>Aderant,</span> <span class='ocrx_word' id='word_1_100' title='bbox 240 1740 266 1783; x_wconf 83' lang='lat' dir='ltr'>et</span> <span class='ocrx_word' id='word_1_101' title='bbox 281 1740 369 1790; x_wconf 85' lang='lat' dir='ltr'>tostrc</span> <span class='ocrx_word' id='word_1_102' title='bbox 387 1731 480 1784; x_wconf 84' lang='lat' dir='ltr'>latices</span> <span class='ocrx_word' id='word_1_103' title='bbox 499 1728 631 1778; x_wconf 85' lang='lat' dir='ltr'>rimantur</span> <span class='ocrx_word' id='word_1_104' title='bbox 650 1720 772 1777; x_wconf 81' lang='lat' dir='ltr'>anhelae.</span> 
     </span>
     <span class='ocr_line' id='line_1_18' title="bbox 53 1818 760 1936; baseline -0.011 -9"><span class='ocrx_word' id='word_1_105' title='bbox 53 1876 131 1932; x_wconf 78' lang='lat' dir='ltr'>Haud</span> <span class='ocrx_word' id='word_1_106' title='bbox 150 1876 229 1928; x_wconf 88' lang='lat' dir='ltr'>aliter</span> <span class='ocrx_word' id='word_1_107' title='bbox 247 1886 348 1930; x_wconf 86' lang='lat' dir='ltr'>turmae</span> <span class='ocrx_word' id='word_1_108' title='bbox 365 1818 486 1936; x_wconf 74' lang='lat' dir='ltr'>labeniei</span> <span class='ocrx_word' id='word_1_109' title='bbox 505 1870 613 1923; x_wconf 87' lang='lat' dir='ltr'>aethere</span> <span class='ocrx_word' id='word_1_110' title='bbox 631 1867 760 1925; x_wconf 58' lang='lat' dir='ltr'>nimbos„</span> 
     </span>
     <span class='ocr_line' id='line_1_19' title="bbox 88 1930 881 2017; baseline -0.019 -18"><span class='ocrx_word' id='word_1_111' title='bbox 88 1949 164 2013; x_wconf 85' lang='lat' dir='ltr'>Quos</span> <span class='ocrx_word' id='word_1_112' title='bbox 176 1965 296 2017; x_wconf 86' lang='lat' dir='ltr'>superum</span> <span class='ocrx_word' id='word_1_113' title='bbox 306 1959 381 2017; x_wconf 86' lang='lat' dir='ltr'>pater</span> <span class='ocrx_word' id='word_1_114' title='bbox 391 1988 399 2013; x_wconf 90' lang='lat'>,</span> <span class='ocrx_word' id='word_1_115' title='bbox 408 1959 484 2014; x_wconf 79' lang='lat' dir='ltr'>utque</span> <span class='ocrx_word' id='word_1_116' title='bbox 497 1944 631 1995; x_wconf 88' lang='lat' dir='ltr'>hominum</span> <span class='ocrx_word' id='word_1_117' title='bbox 642 1936 761 1992; x_wconf 85' lang='lat' dir='ltr'>demittit</span> <span class='ocrx_word' id='word_1_118' title='bbox 773 1934 805 1987; x_wconf 91' lang='lat' dir='ltr'>ab</span> <span class='ocrx_word' id='word_1_119' title='bbox 818 1930 881 1996; x_wconf 82' lang='lat' dir='ltr'>altu,</span> 
     </span>
     <span class='ocr_line' id='line_1_20' title="bbox 88 2015 891 2087; baseline -0.019 -15"><span class='ocrx_word' id='word_1_120' title='bbox 88 2020 196 2072; x_wconf 82' lang='lat' dir='ltr'>Gaudia</span> <span class='ocrx_word' id='word_1_121' title='bbox 213 2032 345 2087; x_wconf 76' lang='lat' dir='ltr'>gestantes</span> <span class='ocrx_word' id='word_1_122' title='bbox 364 2020 433 2072; x_wconf 86' lang='lat' dir='ltr'>laeto</span> <span class='ocrx_word' id='word_1_123' title='bbox 451 2015 567 2069; x_wconf 83' lang='lat' dir='ltr'>elamore</span> <span class='ocrx_word' id='word_1_124' title='bbox 587 2016 709 2065; x_wconf 85' lang='lat' dir='ltr'>salutant.</span> <span class='ocrx_word' id='word_1_125' title='bbox 877 2044 891 2072; x_wconf 43' lang='lat' dir='ltr'>q</span> 
     </span>
     <span class='ocr_line' id='line_1_21' title="bbox 91 2075 883 2158; baseline -0.021 -16"><span class='ocrx_word' id='word_1_126' title='bbox 91 2090 229 2158; x_wconf 83' lang='lat' dir='ltr'>Quemque</span> <span class='ocrx_word' id='word_1_127' title='bbox 243 2109 333 2156; x_wconf 75' lang='lat' dir='ltr'>eomas</span> <span class='ocrx_word' id='word_1_128' title='bbox 347 2093 436 2158; x_wconf 83' lang='lat' dir='ltr'>juvat,</span> <span class='ocrx_word' id='word_1_129' title='bbox 456 2095 483 2141; x_wconf 87' lang='lat' dir='ltr'>et</span> <span class='ocrx_word' id='word_1_130' title='bbox 506 2097 592 2141; x_wconf 85' lang='lat' dir='ltr'>vestes</span> <span class='ocrx_word' id='word_1_131' title='bbox 606 2098 742 2152; x_wconf 81' lang='lat' dir='ltr'>aspergere</span> <span class='ocrx_word' id='word_1_132' title='bbox 754 2075 883 2147; x_wconf 84' lang='lat' dir='ltr'>lymphis,</span> 
     </span>
     <span class='ocr_line' id='line_1_22' title="bbox 93 2148 884 2231; baseline -0.02 -16"><span class='ocrx_word' id='word_1_133' title='bbox 93 2164 270 2230; x_wconf 79' lang='lat' dir='ltr'>Certatimque</span> <span class='ocrx_word' id='word_1_134' title='bbox 290 2165 387 2215; x_wconf 88' lang='lat' dir='ltr'>bibunt</span> <span class='ocrx_word' id='word_1_135' title='bbox 406 2161 504 2231; x_wconf 81' lang='lat' dir='ltr'>pateris</span> <span class='ocrx_word' id='word_1_136' title='bbox 523 2194 531 2220; x_wconf 80' lang='grc'><em>,</em></span> <span class='ocrx_word' id='word_1_137' title='bbox 559 2169 603 2207; x_wconf 89' lang='lat' dir='ltr'>aut</span> <span class='ocrx_word' id='word_1_138' title='bbox 622 2150 721 2205; x_wconf 82' lang='lat' dir='ltr'>casside</span> <span class='ocrx_word' id='word_1_139' title='bbox 741 2148 862 2218; x_wconf 78' lang='lat' dir='ltr'>lymphae</span> <span class='ocrx_word' id='word_1_140' title='bbox 873 2166 884 2212; x_wconf 76' lang='lat'>3</span> 
     </span>
     <span class='ocr_line' id='line_1_23' title="bbox 93 2224 814 2301; baseline -0.015 -18"><span class='ocrx_word' id='word_1_141' title='bbox 93 2234 142 2285; x_wconf 89' lang='lat' dir='ltr'>llle</span> <span class='ocrx_word' id='word_1_142' title='bbox 157 2251 252 2287; x_wconf 85' lang='lat' dir='ltr'>manus</span> <span class='ocrx_word' id='word_1_143' title='bbox 272 2235 373 2301; x_wconf 79' lang='lat' dir='ltr'>gelidae</span> <span class='ocrx_word' id='word_1_144' title='bbox 394 2234 487 2285; x_wconf 83' lang='lat' dir='ltr'>ardeus</span> <span class='ocrx_word' id='word_1_145' title='bbox 507 2226 638 2293; x_wconf 83' lang='lat' dir='ltr'>demergit</span> <span class='ocrx_word' id='word_1_146' title='bbox 656 2227 685 2276; x_wconf 87' lang='lat' dir='ltr'>iu</span> <span class='ocrx_word' id='word_1_147' title='bbox 703 2224 787 2274; x_wconf 89' lang='lat' dir='ltr'>uudas</span> <span class='ocrx_word' id='word_1_148' title='bbox 805 2242 814 2284; x_wconf 77' lang='lat'>3</span> 
     </span>
     <span class='ocr_line' id='line_1_24' title="bbox 94 2291 872 2375; baseline -0.019 -19"><span class='ocrx_word' id='word_1_149' title='bbox 94 2305 145 2357; x_wconf 86' lang='lat' dir='ltr'>Iste</span> <span class='ocrx_word' id='word_1_150' title='bbox 165 2323 246 2372; x_wconf 79' lang='lat' dir='ltr'>genas</span> <span class='ocrx_word' id='word_1_151' title='bbox 265 2306 380 2375; x_wconf 83' lang='lat' dir='ltr'>lymphis</span> <span class='ocrx_word' id='word_1_152' title='bbox 401 2342 410 2370; x_wconf 88' lang='lat'>,</span> <span class='ocrx_word' id='word_1_153' title='bbox 429 2304 541 2364; x_wconf 86' lang='lat' dir='ltr'>oculos,</span> <span class='ocrx_word' id='word_1_154' title='bbox 566 2305 593 2349; x_wconf 91' lang='lat' dir='ltr'>et</span> <span class='ocrx_word' id='word_1_155' title='bbox 610 2304 727 2364; x_wconf 88' lang='lat' dir='ltr'>tempora</span> <span class='ocrx_word' id='word_1_156' title='bbox 747 2291 872 2359; x_wconf 74' lang='lat' dir='ltr'>spargit.</span> 
     </span>
     <span class='ocr_line' id='line_1_25' title="bbox 95 2364 817 2446; baseline -0.022 -19"><span class='ocrx_word' id='word_1_157' title='bbox 95 2375 227 2431; x_wconf 84' lang='lat' dir='ltr'>Providus</span> <span class='ocrx_word' id='word_1_158' title='bbox 247 2377 314 2431; x_wconf 78' lang='lat' dir='ltr'>ulter</span> <span class='ocrx_word' id='word_1_159' title='bbox 333 2376 407 2446; x_wconf 82' lang='lat' dir='ltr'>aquis</span> <span class='ocrx_word' id='word_1_160' title='bbox 426 2378 461 2427; x_wconf 82' lang='lat' dir='ltr'>ad</span> <span class='ocrx_word' id='word_1_161' title='bbox 478 2382 580 2439; x_wconf 83' lang='lat' dir='ltr'>tempus</span> <span class='ocrx_word' id='word_1_162' title='bbox 604 2385 669 2421; x_wconf 80' lang='lat' dir='ltr'>uasa</span> <span class='ocrx_word' id='word_1_163' title='bbox 686 2364 817 2432; x_wconf 88' lang='lat' dir='ltr'>replebat.</span> 
     </span>
     <span class='ocr_line' id='line_1_26' title="bbox 66 2464 778 2588; baseline -0.02 -17"><span class='ocrx_word' id='word_1_164' title='bbox 66 2513 121 2571; x_wconf 75' lang='lat' dir='ltr'>Nee</span> <span class='ocrx_word' id='word_1_165' title='bbox 140 2530 245 2572; x_wconf 84' lang='lat' dir='ltr'>tantum</span> <span class='ocrx_word' id='word_1_166' title='bbox 265 2519 373 2573; x_wconf 85' lang='lat' dir='ltr'>mortale</span> <span class='ocrx_word' id='word_1_167' title='bbox 392 2464 472 2588; x_wconf 72' lang='lat' dir='ltr'>genui</span> <span class='ocrx_word' id='word_1_168' title='bbox 489 2532 535 2568; x_wconf 85' lang='lat' dir='ltr'>sua</span> <span class='ocrx_word' id='word_1_169' title='bbox 554 2508 647 2579; x_wconf 83' lang='lat' dir='ltr'>gaudia</span> <span class='ocrx_word' id='word_1_170' title='bbox 667 2504 778 2574; x_wconf 83' lang='lat' dir='ltr'>carpit,</span> 
     </span>
     <span class='ocr_line' id='line_1_27' title="bbox 102 2579 845 2660; baseline -0.027 -16"><span class='ocrx_word' id='word_1_171' title='bbox 102 2593 195 2659; x_wconf 86' lang='lat' dir='ltr'>Deque</span> <span class='ocrx_word' id='word_1_172' title='bbox 215 2593 293 2644; x_wconf 84' lang='lat' dir='ltr'>malis</span> <span class='ocrx_word' id='word_1_173' title='bbox 314 2593 399 2660; x_wconf 86' lang='lat' dir='ltr'>passis</span> <span class='ocrx_word' id='word_1_174' title='bbox 417 2588 513 2657; x_wconf 87' lang='lat' dir='ltr'>recipit</span> <span class='ocrx_word' id='word_1_175' title='bbox 533 2582 662 2639; x_wconf 80' lang='lat' dir='ltr'>solamina</span> <span class='ocrx_word' id='word_1_176' title='bbox 682 2579 772 2641; x_wconf 83' lang='lat' dir='ltr'>vitae,</span> <span class='ocrx_word' id='word_1_177' title='bbox 839 2633 845 2646; x_wconf 35' lang='lat'><em>&#39;</em></span> 
     </span>
     <span class='ocr_line' id='line_1_28' title="bbox 103 2650 896 2730; baseline -0.023 -16"><span class='ocrx_word' id='word_1_178' title='bbox 103 2665 154 2714; x_wconf 78' lang='lat' dir='ltr'>sed</span> <span class='ocrx_word' id='word_1_179' title='bbox 176 2680 280 2730; x_wconf 92' lang='lat' dir='ltr'>quoque</span> <span class='ocrx_word' id='word_1_180' title='bbox 290 2674 360 2715; x_wconf 84' lang='lat' dir='ltr'>terra</span> <span class='ocrx_word' id='word_1_181' title='bbox 375 2697 383 2725; x_wconf 86' lang='lat'><strong>,</strong></span> <span class='ocrx_word' id='word_1_182' title='bbox 395 2661 466 2715; x_wconf 80' lang='lat' dir='ltr'>sinus</span> <span class='ocrx_word' id='word_1_183' title='bbox 479 2674 546 2726; x_wconf 80' lang='lat' dir='ltr'>quse</span> <span class='ocrx_word' id='word_1_184' title='bbox 558 2670 640 2722; x_wconf 86' lang='lat' dir='ltr'>nuper</span> <span class='ocrx_word' id='word_1_185' title='bbox 653 2650 767 2702; x_wconf 85' lang='lat' dir='ltr'>habebat</span> <span class='ocrx_word' id='word_1_186' title='bbox 777 2659 896 2718; x_wconf 84' lang='lat' dir='ltr'>apertos,</span> 
     </span>
     <span class='ocr_line' id='line_1_29' title="bbox 101 2727 933 2802; baseline -0.029 -12"><span class='ocrx_word' id='word_1_187' title='bbox 101 2737 134 2790; x_wconf 79' lang='lat' dir='ltr'>Et</span> <span class='ocrx_word' id='word_1_188' title='bbox 151 2734 275 2787; x_wconf 79' lang='lat' dir='ltr'>conlecta</span> <span class='ocrx_word' id='word_1_189' title='bbox 294 2733 341 2785; x_wconf 87' lang='lat' dir='ltr'>siti</span> <span class='ocrx_word' id='word_1_190' title='bbox 360 2731 521 2802; x_wconf 74' lang='lat' dir='ltr'>glomerabat</span> <span class='ocrx_word' id='word_1_191' title='bbox 539 2727 647 2797; x_wconf 87' lang='lat' dir='ltr'>pulvere</span> <span class='ocrx_word' id='word_1_192' title='bbox 668 2729 797 2789; x_wconf 82' lang='lat' dir='ltr'>campus,</span> <span class='ocrx_word' id='word_1_193' title='bbox 920 2734 933 2752; x_wconf 44' lang='lat' dir='ltr'>s</span> 
     </span>
     <span class='ocr_line' id='line_1_30' title="bbox 101 2792 855 2873; baseline -0.023 -16"><span class='ocrx_word' id='word_1_194' title='bbox 101 2805 214 2873; x_wconf 79' lang='lat' dir='ltr'>Ercipit</span> <span class='ocrx_word' id='word_1_195' title='bbox 235 2805 362 2856; x_wconf 85' lang='lat' dir='ltr'>ardenter</span> <span class='ocrx_word' id='word_1_196' title='bbox 382 2803 533 2857; x_wconf 84' lang='lat' dir='ltr'>venientem</span> <span class='ocrx_word' id='word_1_197' title='bbox 553 2817 568 2849; x_wconf 90' lang='lat' dir='ltr'>e</span> <span class='ocrx_word' id='word_1_198' title='bbox 588 2794 701 2846; x_wconf 87' lang='lat' dir='ltr'>nubibus</span> <span class='ocrx_word' id='word_1_199' title='bbox 720 2792 855 2851; x_wconf 83' lang='lat' dir='ltr'>imbrem,</span> 
     </span>
     <span class='ocr_line' id='line_1_31' title="bbox 103 2866 769 2941; baseline -0.032 -8"><span class='ocrx_word' id='word_1_200' title='bbox 103 2877 302 2941; x_wconf 77' lang='lat' dir='ltr'>Humentesque</span> <span class='ocrx_word' id='word_1_201' title='bbox 323 2892 380 2927; x_wconf 86' lang='lat' dir='ltr'>suos</span> <span class='ocrx_word' id='word_1_202' title='bbox 397 2875 489 2926; x_wconf 86' lang='lat' dir='ltr'>latices</span> <span class='ocrx_word' id='word_1_203' title='bbox 511 2869 633 2924; x_wconf 84' lang='lat' dir='ltr'>immittit</span> <span class='ocrx_word' id='word_1_204' title='bbox 653 2867 680 2915; x_wconf 90' lang='lat' dir='ltr'>iu</span> <span class='ocrx_word' id='word_1_205' title='bbox 701 2866 769 2914; x_wconf 88' lang='lat' dir='ltr'>imas</span> 
     </span>
     <span class='ocr_line' id='line_1_32' title="bbox 102 2936 797 3016; baseline -0.023 -18"><span class='ocrx_word' id='word_1_206' title='bbox 102 2948 207 3011; x_wconf 78' lang='lat' dir='ltr'>Venas,</span> <span class='ocrx_word' id='word_1_207' title='bbox 228 2947 298 2998; x_wconf 84' lang='lat' dir='ltr'>uude</span> <span class='ocrx_word' id='word_1_208' title='bbox 316 2946 441 3016; x_wconf 81' lang='lat' dir='ltr'>profundi</span> <span class='ocrx_word' id='word_1_209' title='bbox 460 2944 666 3012; x_wconf 83' lang='lat' dir='ltr'>compinguntur</span> <span class='ocrx_word' id='word_1_210' title='bbox 685 2936 797 2995; x_wconf 83' lang='lat' dir='ltr'>hiatus,</span> 
     </span>
     <span class='ocr_line' id='line_1_33' title="bbox 103 3006 881 3093; baseline -0.018 -16"><span class='ocrx_word' id='word_1_211' title='bbox 103 3014 189 3088; x_wconf 67' lang='lat' dir='ltr'>Atque</span> <span class='ocrx_word' id='word_1_212' title='bbox 200 3019 299 3075; x_wconf 82' lang='lat' dir='ltr'>herbae</span> <span class='ocrx_word' id='word_1_213' title='bbox 309 3015 426 3093; x_wconf 54' lang='lat' dir='ltr'>fieres,</span> <span class='ocrx_word' id='word_1_214' title='bbox 436 3016 542 3084; x_wconf 78' lang='lat' dir='ltr'>frutices</span> <span class='ocrx_word' id='word_1_215' title='bbox 555 3013 726 3085; x_wconf 80' lang='lat' dir='ltr'>‚plantaeque</span> <span class='ocrx_word' id='word_1_216' title='bbox 737 3006 881 3065; x_wconf 69' lang='lat' dir='ltr'>titttcuffiv</span> 
     </span>
    </p>
   </div>
   <div class='ocr_carea' id='block_1_3' title="bbox 0 0 1088 3750">
    <p class='ocr_par' dir='ltr' id='par_1_3' title="bbox 0 0 1088 3750">
     <span class='ocr_line' id='line_1_34' title="bbox 0 0 1088 3750; baseline 0 0"><span class='ocrx_word' id='word_1_217' title='bbox 0 0 1088 3750; x_wconf 95' lang='lat' dir='ltr'> </span> 
     </span>
    </p>
   </div>
  </div>
 </body>
</html>
