2167 3750
226 401 330 463 tinen
346 406 670 466 nnetttusrssnttus.
809 413 856 466 ret

438 553 473 620 43

43 628 160 698 Namque
179 624 309 678 Clorinda
328 637 403 692 ego
423 643 472 677 nec
492 627 569 677 sudis
588 641 630 677 me
651 628 768 694 contegit
786 644 865 681 uuam

77 707 147 754 Haec
160 702 238 759 arbor
253 736 261 761 ,
276 696 414 762 sedemque
425 715 497 749 sunm
508 701 574 751 mihi
589 701 697 768 praebet
710 701 864 767 ademptae,

78 775 129 824 Sed
150 775 281 838 quotquot
300 769 347 817 snb
366 771 501 819 moenibus
520 774 664 820 occubuere
683 771 793 832 Sionis,

78 847 129 896 Seu
148 843 223 895 (tutti
242 842 319 900 sint,
335 855 378 890 seu
391 841 479 891 Mauri
495 858 608 902 ,omues
627 843 690 892 hoec
705 878 713 903 ,
726 841 872 907 cademque·

77 918 143 967 Fata
164 922 282 964 manent.
303 912 353 961 Hic
372 910 452 961 deflxi
470 912 652 964 incantsrnine
673 916 756 977 miro,

76 987 174 1037 Nescio
197 984 255 1034 sive
276 984 304 1033 in
324 997 430 1046 corpore
450 987 522 1048 sint,
540 1000 574 1034 sn
594 1000 665 1035 more
684 983 830 1051 scputchri.

78 1058 193 1126 Spiritus
215 1053 287 1104 intus
307 1053 354 1103 stit
374 1063 478 1106 truncos
494 1056 649 1137 ,remisque
669 1058 803 1106 ministrat

78 1129 190 1181 Vitam:
213 1125 331 1176 hominis
350 1125 450 1175 occisor
469 1137 520 1191 tu,
541 1128 565 1177 si
583 1128 653 1194 ligna
673 1126 785 1180 recidas.

45 1264 104 1321 Non
122 1286 198 1322 secus
219 1283 250 1318 ec
268 1280 366 1333 aeger,
383 1264 426 1317 cni
445 1269 472 1318 in
492 1269 590 1319 somnis
610 1264 682 1321 visus
703 1265 792 1319 adesse

75 1342 126 1392 Seu
145 1339 257 1392 coluber
275 1336 346 1388 dirus
363 1377 370 1403 ,
390 1355 434 1388 seu
453 1335 571 1388 {lammae
587 1340 638 1389 tite
657 1341 800 1392 Chimaera

75 1413 130 1463 Orc
150 1427 287 1472 vomens,
306 1408 367 1461 licet
388 1426 419 1460 ex
441 1420 515 1476 parte
535 1426 589 1459 esse
610 1410 741 1460 insomnia
761 1414 862 1473 noscat,

74 1482 160 1550 Atque
180 1481 256 1533 omni
274 1496 337 1532 vers
355 1480 496 1532 simulacra
517 1482 634 1532 carentia
653 1480 759 1543 forms,

74 1553 204 1606 Attamen
223 1552 374 1615 horrescit,
394 1551 547 1618 gelidusque
566 1570 612 1620 per
630 1568 688 1603 osso
708 1551 821 1607 occurrit

73 1627 134 1676 lma
153 1633 272 1686 tremor,
288 1624 440 1690 quaeritque
459 1621 520 1688 fuga
539 1624 629 1673 vitare
649 1621 761 1690 periet-s.

73 1696 156 1746 Talis
176 1700 268 1745 ainans
283 1694 392 1745 timidus
411 1695 475 1744 iicet
494 1693 674 1759 insidiisque,
695 1693 814 1760 dolisque

73 1766 140 1818 Non
161 1764 272 1827 credat,
289 1764 360 1816 cedit
380 1776 469 1817 tamen
488 1781 585 1833 snceps
606 1770 680 1816 actus
699 1778 798 1817 amore·

43 1910 128 1964 Corda
149 1907 206 1965 viri
224 1908 309 1959 moles
326 1901 444 1961 curarum
464 1915 538 1964 tenta
559 1906 674 1976 fatigat,

74 1985 111 2033 Ut
130 1981 189 2033 fere
209 1981 322 2047 torpenti
341 1990 414 2031 coeat
433 1981 579 2032 formidine
599 1980 724 2047 sanguis:

73 2054 214 2105 Deficiunt
232 2053 321 2116 vires,
342 2053 497 2117 quatiuntur
515 2052 631 2103 membra
653 2054 767 2101 timore:

76 2125 190 2176 Decidit
211 2122 283 2175 ensis
302 2123 394 2187 humi,
415 2140 481 2189 pene
500 2124 682 2188 exanimisque
701 2123 833 2184 videtur,
873 2128 877 2134 '

76 2196 157 2248 Mens
172 2195 230 2247 abit
244 2231 252 2258 ,
264 2201 342 2261 etque
360 2194 449 2245 videre
468 2205 541 2263 putat
558 2196 611 2262 jam
632 2193 738 2262 cuspide
757 2207 860 2243 caesam

76 2266 181 2318 Partem
203 2266 306 2318 animae
325 2283 339 2315 e
358 2272 449 2316 trunco
468 2268 580 2333 gemitus
598 2266 702 2316 edentis
722 2279 846 2314 cinerosa

76 2336 229 2389 Exhorrent
248 2337 317 2386 ocuti
336 2336 424 2387 fusum
442 2338 535 2389 tellure
555 2353 676 2389 cruorem

76 2408 218 2474 Cernere,
237 2425 287 2460 uec
306 2408 414 2476 gemitus
436 2408 505 2530 vaget
525 2407 653 2460 exaudire
672 2404 800 2456 dolentis.

49 2545 90 2601 sie
110 2553 225 2620 gemitus
246 2550 340 2617 fictus,
360 2551 398 2603 sic
417 2547 510 2616 vstra',
529 2559 555 2601 et
575 2549 662 2601 inanis
681 2548 744 2599 ims-
736 2564 767 2615 go

35 2624 189 2675 Pectora
208 2624 329 2686 dejecere
350 2625 403 2678 viri
423 2623 574 2689 spernentia
593 2633 724 2681 mortem

81 2696 219 2761 Quemque
240 2703 325 2746 suetus
346 2696 393 2746 siti
412 2693 508 2761 effigies
528 2709 581 2746 non
603 2696 698 2746 terruit
718 2690 792 2756 ulle,

80 2767 194 2819 Devicit
214 2766 327 2818 Veneris
347 2767 433 2836 proles
453 2768 543 2816 ardore
563 2766 710 2818 furentem.

79 2841 185 2889 Interea
203 2836 306 2888 serrum
325 2845 421 2891 ventus
439 2837 623 2888 fremebundus
644 2839 732 2902 abegit

79 2911 144 2961 Jsm
163 2911 255 2977 procul
275 2925 291 2958 a
310 2910 370 2960 luco
386 2910 489 2978 lapsum
510 2907 604 2961 tcilure
625 2925 730 2975 pavore.

70 2979 178 3033 'Victus
197 2980 257 3032 stit
276 2979 404 3044 demum,
433 2995 458 3031 et
478 2990 599 3049 repetens
620 2979 730 3044 vestigia
750 2985 839 3043 retro,

79 3052 253 3122 Compertuns
273 3068 322 3119 per
341 3053 392 3107 iter
407 3052 505 3107 serrum
523 3054 615 3106 tellure
634 3047 785 3117 resumpsit
