2167 3750
227 390 332 502 mnan
350 391 509 446 DECIMUS
528 391 693 450 ocnnt'ns
845 383 895 459 ιδῃ

468 535 589 587 83,

60 607 160 661 nerias
182 606 295 673 insurgit
313 606 423 671 victor,
442 607 497 668 §ani
516 606 620 674 jamque
639 607 748 677 putabat

94 681 241 749 Occupare
262 680 345 746 juga,
364 688 391 731 et
408 694 635 745 murcasuperare
655 678 783 742 rcbesser,

94 753 170 804 Cum
190 750 278 802 subito
297 749 415 821 obruitur
433 752 515 801 naiaco
536 749 569 799 de
590 752 729 801 moenibus
747 750 808 816 igne

94 824 168 875 Arte
189 821 334 883 laborato,
354 833 380 871 et
399 826 524 888 pestem,
542 820 692 887 fumumque
710 821 823 872 ferente.

95 894 265 963 sulphureos
285 905 424 958 numquam
443 892 529 942 coecis
549 892 624 942 dedit
643 892 738 944 aethna
757 892 893 957 cavernis,
948 890 957 906 ⁰

94 966 211 1032 Totque
235 962 325 1030 globos
344 963 431 1030 iguis,
450 962 644 1029 liquefactaque
663 981 728 1015 saxa
745 975 897 1031 peraestua,

96 1035 160 1088 Nec
181 1032 388 1102 taurominii,
407 1051 466 1086 cum
485 1033 601 1085 torridus
620 1044 721 1087 aestuat
740 1051 802 1101 aer,

96 1104 245 1174 igniferos
263 1120 372 1156 accensa
392 1113 464 1158 aestu
484 1105 578 1157 ludica
596 1113 666 1158 terra
685 1122 805 1176 vaporet.

57 1249 158 1313 Vasa,
178 1248 301 1313 facesque
317 1247 408 1300 volant
425 1176 560 1299 mittintes
579 1249 656 1317 ignea
674 1249 748 1313 tela3

95 1324 224 1374 Flamma
237 1320 318 1369 micat
329 1318 431 1385 piceum
446 1318 525 1383 inter,
539 1322 757 1386 sanguineumque
770 1319 895 1373 colorem.

96 1393 228 1445 Volvitur
246 1396 303 1440 ater
322 1390 402 1451 odor3
421 1389 534 1441 Bombos
555 1393 622 1442 mule
642 1394 762 1442 concutit
782 1408 876 1454 aurea;

95 1463 219 1517 Lumina
238 1461 324 1511 sumna
342 1459 415 1524 agit,
448 1462 602 1529 rapiturque
621 1468 648 1514 iu
669 1462 762 1513 nimiae
781 1460 897 1515 flamma.
975 1493 979 1498 -

97 1537 156 1588 Vix
178 1534 255 1602 peliis
273 1532 377 1582 taurina
397 1528 490 1598 soret,
510 1533 638 1584 licctuda
658 1535 780 1601 liquore,

100 1608 178 1672 Apta
198 1606 266 1658 tueri
285 1602 353 1657 orcis
374 1610 518 1656 contextae
539 1623 570 1656 ex
591 1607 677 1657 abiete
698 1612 794 1659 costae.

98 1677 154 1728 lna
176 1678 222 1727 auh
242 1672 343 1727 ardenti
364 1669 460 1727 sudans
479 1694 506 1728 ae
525 1678 660 1729 contrahit
678 1689 777 1741 aestu,

99 1748 196 1814 Atque
215 1752 335 1799 morante
355 1746 407 1798 Dei
425 1750 527 1802 auxilio
548 1749 590 1803 faa
606 1748 696 1801 ardeat
714 1749 786 1818 igne.

64 1891 199 1949 Omnibus
218 1894 340 1959 astabat,
359 1907 408 1943 nec
427 1893 490 1945 dura
509 1894 610 1964 pericia
631 1893 745 1944 timebat

95 1969 127 2020 M
135 1968 288 2034 ignanimus
306 1966 382 2029 Dux;
402 1967 539 2017 mutabant
557 1983 609 2017 non
622 1984 666 2017 cra
686 1965 824 2027 colorem3

97 2039 153 2089 Sed
177 2041 267 2107 vires,
286 2039 439 2105 animosque
458 2037 538 2088 dabat
556 2036 728 2089 fundentibus
747 2037 831 2089 undas

99 2113 169 2162 Arte
191 2133 266 2184 super
284 2110 366 2182 pellea
384 2116 479 2161 contra
498 2110 573 2177 ignee
593 2117 653 2162 ante
672 2119 784 2177 paratas.

100 2194 218 2256 Jamque
238 2185 342 2244 undae,
362 2188 424 2249 quat
445 2188 506 2233 ante
525 2182 605 2233 cadis«
619 2192 745 2233 onerarat
772 2180 805 2233 ad
823 2181 898 2247 ignea

99 2262 165 2313 Dua
182 2298 190 2324 ,
209 2260 338 2317 deerant,
358 2271 416 2304 cum
436 2254 468 2304 de
488 2253 575 2321 gelida
594 2253 735 2305 bacchatus
754 2254 786 2304 ab
806 2259 879 2305 arcto

99 2332 266 2399 Improvisus
287 2326 359 2378 adest
377 2325 488 2389 Boreas,
506 2321 675 2393 flammasque
696 2324 826 2378 minantes

100 2405 225 2457 Eritium
242 2405 336 2454 contra
355 2393 637 2518 auctoreafidetorquet
655 2396 769 2464 iniquos.

68 2547 179 2614 lanpetit
196 2546 322 2600 adversus
341 2537 428 2591 hortea
448 2537 638 2593 Acherunticus
657 2539 726 2610 ignia

105 2619 225 2670 Turbine
244 2617 371 2676 adactus,
391 2609 437 2679 qui
452 2611 521 2665 telae
541 2613 697 2678 succendit,
714 2623 740 2665 et
757 2627 862 2664 omnem

104 2690 248 2742 Materiam
267 2685 389 2740 mollem:
409 2689 491 2736 vento
508 2683 575 2737 furit
593 2697 677 2738 aestus
697 2685 730 2739 ad
743 2702 841 2747 auras3

107 2758 401 2829 Eruperantssaminae3
422 2755 561 2807 absumunt
579 2758 724 2808 munimina
746 2757 825 2810 muri.

106 2830 203 2884 Inclite
220 2833 301 2895 Dux,
319 2829 362 2882 cui
376 2834 515 2897 perpetuus
528 2827 677 2881 dominator
691 2831 790 2897 olympi

109 2900 160 2952 Est
173 2912 222 2955 ¹tua
241 2912 312 2956 cei-ta
331 2900 417 2964 anius,
437 2909 464 2950 et
480 2900 567 2952 dulcis
586 2917 646 2953 cura
662 2940 670 2967 ,
686 2890 833 2972 intumque}

108 2969 185 3025 Antra
203 2974 252 3027 tibi
270 2993 342 3027 arina
362 2971 466 3036 serunt,
486 2972 552 3035 jussi
571 2976 711 3039 sonituque
730 2972 851 3022 tubarum

106 3040 255 3101 accurrunt
273 3046 348 3103 venti
365 3061 399 3098 ea
417 3043 523 3117 autrir,
544 3050 571 3097 et
591 3045 663 3106 luem
681 3044 824 3096 facessunt.
857 3066 860 3073 ,
