2167 3750
198 289 342 359 tanus
359 248 687 349 nunnusuuunus.
811 246 815 251 ’
842 305 896 363 12,

464 435 494 488 51

62 504 133 578 Quid
139 511 229 569 struis?
238 510 322 575 lianc,
329 526 433 578 precor,
443 527 508 560 exue
515 506 642 562 mentem‘.
649 505 764 561 Caedere
776 505 893 578 plantas,

100 582 135 639 Et
153 588 261 658 penitus
281 584 392 651 spoliare
410 598 502 633 nemus
523 581 579 640 jam
599 580 655 631 fata
673 579 768 631 dedere

102 661 180 711 Sorte
200 656 272 708 aliis.
293 655 377 704 Habet
395 651 500 720 hospita
522 654 576 713 lam
594 654 646 717 jam
666 654 760 720 puppis
778 667 892 716 arenas3

101 730 232 783 Forsitan
246 736 272 775 et
290 724 370 775 ruodo
387 724 459 791 picta
477 724 542 791 legit
561 740 606 773 sua
625 724 732 774 carbasa
752 723 875 786 victrix3
952 790 954 793 ι

101 800 224 853 Forsitan
243 795 355 846 effractis
370 795 482 846 Veneris
502 796 655 859 sobolisque
675 795 778 847 catenis

34 894 42 907 ·
101 871 225 922 Infensas
245 883 307 918 oras
325 865 422 931 linquit
442 865 601 918 fortissimus
622 868 706 918 heros.
760 895 762 899 ·
803 861 811 871 '

99 944 149 992 Illa
169 942 228 993 dies
248 937 376 997 tandein,
397 947 423 987 et
442 936 486 989 lux
506 948 641 1005 expectata
656 939 838 1007 propinquat,

100 1013 162 1081 Qua
181 1011 257 1063 dabit
273 1009 348 1061 hoste
367 1007 438 1061 Sion
447 1008 557 1131 dgvicto
575 1009 643 1060 colla
661 1011 772 1063 catenis.

485 1095 499 1130 n

66 1150 134 1203 Haec
153 1154 248 1206 dicens
267 1148 341 1205 voltu
359 1151 480 1203 radiabat
496 1153 597 1204 lumine
617 1169 705 1221 puro,

97 1225 132 1274 Et
152 1244 208 1281 soit
223 1227 361 1294 plusquam
372 1222 487 1276 hominis
498 1217 561 1277 tdnc
579 1227 606 1275 in
621 1244 666 1276 sua
677 1225 757 1278 verba
772 1230 893 1283 sonabat.

99 1294 153 1348 Sed
171 1299 256 1357 Dux,
275 1294 319 1347 cui
336 1294 409 1347 nullo
430 1297 516 1364 placet
546 1298 680 1363 indulgere
700 1298 805 1363 labori,

100 1370 214 1420 Pectore
232 1365 315 1419 multa
334 1367 414 1417 nimis
434 1367 521 1432 dura,
541 1376 625 1435 atque
644 1371 761 1419 animosa
779 1373 894 1426 volutat,

99 1439 206 1490 Interea
224 1437 320 1491 Caneri
339 1438 412 1489 sidus
431 1441 487 1500 jani
506 1440 635 1504 ingressus
655 1438 750 1508 Apollo

100 1511 252 1563 Horrileros
270 1510 354 1575 aegris
372 1509 454 1562 infert
473 1512 628 1562 mortalibus
646 1523 753 1573 aestus;

95 1583 203 1634 Nonius
221 1582 267 1632 ille
285 1580 338 1632 suis
355 1582 456 1644 rebus,
475 1582 611 1650 lectaeque
630 1585 759 1644 juventae

100 1653 204 1704 Reddit
215 1669 286 1705 teres
297 1651 476 1721 ,nimiumque
487 1671 580 1720 graves
593 1672 766 1723 qrroseuniqne
779 1664 894 1725 labores,¹

64 1797 190 1866 Jupiter,
210 1805 235 1847 et
253 1797 342 1848 Venus
361 1798 390 1849 in
409 1797 504 1861 coelo,
523 1805 601 1867 atque
620 1799 671 1850 alia
690 1811 758 1853 astra
778 1805 891 1877 benigna

100 1870 154 1920 vix
173 1866 283 1933 lucent5
303 1871 374 1921 Mars
394 1878 421 1920 et
439 1874 548 1924 comites
568 1873 738 1923 dominantur
756 1875 783 1926 iu
802 1881 871 1948 illo,

32 1961 35 1962 ⁷
99 1940 177 1991 Unde
197 1942 263 2008 plult
279 1941 363 1994 virtus
383 1941 530 1996 informans
549 1946 654 1995 aethera
674 1961 774 1999 circum

99 2010 278 2066 Flatnmiferit
298 2013 378 2080 signis
398 2029 513 2067 extrenrn
533 2017 698 2068 minantibus
717 2019 787 2071 orbi,

100 2084 204 2136 Notius
222 2085 301 2136 ardor
320 2085 416 2151 ubique
436 2084 551 2154 flagrat,
571 2088 720 2154 crescitque
734 2108 781 2155 per
794 2093 894 2165 horas,

101 2157 279 2223 Mortalesqne
298 2158 353 2208 urit
373 2158 457 2208 saevis
476 2159 616 2210 ardoribus
635 2171 719 2208 aestus
735 2180 743 2220 3

99 2228 295 2295 Ardentemque
315 2228 386 2279 diem
405 2231 523 2295 sequitur
542 2249 597 2282 nox
617 2234 710 2299 pejor,
730 2246 755 2285 et
775 2234 821 2286 isti

100 2300 225 2353 Succedit
243 2316 314 2353 nova
334 2300 381 2350 lux
397 2303 483 2352 multo
503 2304 651 2358 ferventior
671 2302 727 2356 illa.

69 2441 126 2496 Non
145 2445 232 2512 surgit
249 2442 330 2496 Titan
348 2460 463 2511 unquam
483 2450 516 2498 de
536 2446 639 2512 gurgite
659 2454 758 2508 vasto,

101 2515 260 2581 sanguineis
279 2515 307 2565 ni
328 2518 411 2583 pietus
431 2517 458 2566 in
479 2536 522 2568 ore
542 2518 685 2584 vaporibus
705 2518 785 2583 atris,

102 2588 135 2639 Et
152 2588 274 2654 jaculans
293 2586 395 2638 eircurn
413 2589 494 2641 rubea
512 2590 545 2640 de
564 2590 633 2639 nube
654 2589 784 2656 sagittas,

103 2657 243 2711 Portentlit
260 2659 347 2710 lucem
367 2660 507 2712 infaustam
526 2661 682 2711 mortalibus
702 2665 807 2727 aegris;

104 2728 163 2780 Non
182 2731 237 2784 nisi
256 2731 390 2799 purpureis
410 2734 522 2783 maculis
540 2750 567 2782 se
587 2735 680 2799 urorgit
701 2732 727 2782 iu
747 2734 830 2783 undas

104 2800 211 2855 Tinctus
229 2842 237 2867 ,
253 2816 280 2854 et
298 2802 331 2853 ad
351 2802 462 2854 reditum
481 2805 589 2855 ardores
608 2806 747 2856 minitatur
765 2804 884 2864 cosdem.

104 2874 257 2946 Damnaque
277 2894 350 2947 passu
371 2878 460 2927 lurunt
479 2887 550 2927 certo
571 2877 701 2928 stimulata
721 2877 819 2926 titu'ose
901 2939 906 2949 1

108 2950 271 3006 Danuuium
288 2988 296 3022 ‚
315 2949 395 3018 lapsis
410 2966 478 3017 quate
499 2952 623 3015 prosimu
642 2950 699 2998 feta
717 2949 865 2998 initiantur.
