2167 3750
105 393 108 396 ’
160 473 191 488 Α,
253 415 362 480 mssa
377 419 540 479 neurius
559 405 706 473 sexsus
870 393 912 494 iq!

66 644 191 701 Musieus
210 649 239 692 ut
257 639 324 693 solet
342 639 376 691 ad
395 639 459 692 laeti
479 635 659 691 modulamina
678 633 770 690 cautus

106 720 181 771 Ante
200 730 290 785 parare
309 713 415 764 animos
432 749 441 776 ,
461 710 554 763 tristes
573 721 600 761 et
619 710 717 781 pellere
733 726 810 767 curas

107 791 224 844 Gutture
245 785 396 847 submissu,
417 794 443 835 et
462 793 569 835 tenerae
589 780 771 835 moderamine
790 783 888 850 vocis,
949 792 956 801 ⁶

109 862 196 930 Quam
216 857 324 912 calamis
344 864 439 925 aptet,
458 859 604 922 vocemque
623 854 737 906 extollet
755 856 784 908 in
804 858 905 924 altum)

108 934 175 986 Non
190 948 264 985 secus
285 928 332 979 illu
352 928 417 979 lieet
437 929 510 979 tristi
528 925 659 980 transfixe
678 924 792 994 dolore,

111 1005 171 1057 Nec
190 1003 254 1072 quid
274 1000 360 1050 adhuc
379 998 465 1049 oblita
484 998 619 1069 cupidinis
639 1010 694 1049 arte
715 1001 867 1069 magistra,

111 1078 217 1128 Moesta
237 1073 308 1141 prius
328 1072 413 1123 mittit
432 1072 549 1140 suspiria
568 1069 796 1139 condedemus,

112 1149 153 1201 Ut
171 1148 209 1199 sic
228 1144 371 1214 dispositus
390 1145 492 1195 animos
512 1143 547 1195 ad
565 1152 629 1199 sota
647 1143 770 1197 reducat.

75 1294 149 1348 Tum
163 1291 202 1343 sie
215 1305 275 1341 orsa
286 1288 377 1356 loqui:
393 1218 531 1339 frustriin
544 1287 727 1354 lacrymasque
741 1324 749 1352 ‚
762 1305 905 1357 precesque
973 1308 979 1324 ·

110 1367 156 1419 Me
175 1374 268 1427 speras
287 1358 472 1424 descendere,
505 1370 534 1410 ut
552 1371 592 1411 est
611 1375 668 1409 mos
687 1362 903 1419 interementes.

111 1437 171 1488 Iam
190 1431 289 1482 luimus
309 1433 398 1483 tales:
419 1429 480 1484 talis
499 1447 571 1482 nune
590 1432 614 1483 si
633 1443 688 1481 esse
709 1446 836 1496 recusas,
870 1479 873 1484 ,
961 1495 964 1500 ,

112 1505 153 1560 Ac
171 1504 324 1558 meminisse
342 1506 417 1574 piget
436 1510 614 1567 nostrorum,
635 1500 759 1571 perfide,
778 1517 910 1572 amorum,
968 1519 974 1524 ·

112 1578 156 1631 Ne
174 1592 234 1628 mea
253 1577 326 1627 dicta
345 1594 424 1643 neges
443 1577 537 1628 saltem
557 1576 699 1627 demittere
718 1573 748 1623 in
767 1591 867 1641 aures,

112 1652 151 1702 Ut
170 1650 236 1700 solet
255 1648 346 1699 audire
364 1648 449 1700 hostis
468 1647 550 1702 verba
569 1643 710 1716 precantia
729 1645 763 1696 ab
783 1646 874 1701 hoste.v

113 1720 200 1772 Crede
219 1720 310 1783 mihi3
329 1721 437 1787 exiguus
455 1719 534 1770 labor
554 1729 594 1771 est
611 1718 711 1768 donare
732 1716 908 1786 quidquem,
951 1723 954 1730 ’

114 1792 188 1861 Quin
205 1790 294 1844 iuriae
312 1792 342 1844 in
359 1807 402 1845 sne
421 1796 567 1860 conceptae
586 1790 726 1861 turbentur
743 1786 849 1845 inanes.

81 1934 111 1989 Si
130 1934 180 1989 tibi
199 1953 276 1989 mens
294 1937 403 1989 inlensa
421 1935 514 2003 milii,
535 1953 566 1989 ac
585 1953 627 1988 me
649 1933 735 1988 odisse
754 1934 881 2002 iuvabit,
901 1928 913 1947 ’”
987 1956 999 1977 ·

94 2027 97 2031 ’
117 2008 187 2060 Odia
204 2008 259 2060 sint
277 2010 351 2074 tibi,
372 2024 423 2060 nec
443 2009 550 2076 penitus
567 2018 613 2060 tua
632 2007 730 2077 gaudia
749 2009 838 2061 turbe.

117 2079 167 2131 Illa
184 2081 237 2133 tuis
256 2082 342 2133 oculis
359 2081 373 2148 (
392 2091 447 2131 estc
466 2083 479 2148 )
499 2080 613 2135 fortasse
632 2080 759 2134 videntur

119 2152 213 2218 Recta,
233 2153 318 2205 Tuam
336 2152 424 2205 laetor
441 2164 546 2220 gentem
564 2169 606 2204 me
626 2152 714 2204 edisse
735 2152 898 2220 aliquando,

122 2223 212 2291 Teque
232 2225 279 2275 odi
297 2227 405 2293 ipsum3
425 2227 522 2298 quippe
540 2241 646 2295 pagano
664 2229 729 2274 nata
747 2235 882 2294 parente,

119 2293 174 2346 Nec
193 2295 258 2361 quid
276 2297 445 2365 inexpertum
462 2298 579 2368 imperia
599 2294 633 2346 ad
653 2295 767 2347 delenda
785 2294 883 2364 reliqui

119 2366 237 2431 Vestem
256 2367 323 2420 Tibi
343 2368 475 2437 laqueos,
496 2387 528 2422 ac
548 2368 616 2422 retia
635 2365 709 2418 mille
729 2366 858 2434 tetendi,

86 2444 89 2457 '
123 2437 265 2506 Captivum
277 2441 369 2493 'donee
387 2442 447 2494 loss
466 2440 501 2496 ad
520 2442 589 2496 haec
609 2438 746 2509 incognita
764 2437 839 2493 duxi.

87 2578 143 2635 Neu
161 2583 248 2636 satis:
269 2585 337 2638 adde
356 2585 436 2640 doles
455 2589 576 2650 tacitos,
595 2582 754 2652 fraudesque
773 2582 914 2663 malignan

124 2652 193 2718 Quas
211 2657 300 2708 studui
319 2674 464 2722 exercere,
484 2673 544 2711 men
562 2668 591 2709 ut
608 2659 746 2725 capereris
764 2673 866 2721 amore,

124 2724 162 2775 Te
181 2728 334 2783 meminisse
353 2740 434 2802 pudet
451 2733 543 2785 forsan
563 2732 576 2799 (
594 2728 746 2781 damnabile
765 2729 917 2806 crimenl)

126 2795 283 2852 Submisisse
302 2820 361 2856 mec
380 2805 527 2872 spectabile
546 2814 639 2872 pectus
658 2801 743 2853 amori
766 2822 775 2867 ;
914 2803 916 2805 ’

53 2888 56 2893 ’
126 2868 221 2934 Meque
239 2872 278 2923 tui
295 2890 374 2928 eausa
392 2877 507 2948 primum
527 2875 679 2928 extinxisse
697 2874 849 2943 pudorem,

127 2937 163 2989 Et
180 2936 282 2995 deceris
301 2962 355 2999 non
377 2950 442 3002 laesi
459 2960 486 3002 te
506 2949 601 3002 secisse
621 2959 785 3013 tyrannum

126 3009 181 3076 Er,
200 3028 266 3080 quae
283 3020 357 3070 mille
375 3020 470 3090 negata
489 3023 578 3090 procis
597 3037 646 3090 pro
667 3033 778 3070 munere
796 3007 898 3078 amori¹

127 3083 171 3139 lle
188 3081 300 3143 <leuasse
318 3106 391 3154 nors
411 3096 515 3166 gratis,
534 3093 624 3148 eheu!
644 3098 753 3208 mugeti
770 3079 882 3143 amanti.
