2167 3750
363 323 468 380 LIBER
486 318 713 384 UNDEClllllffr

524 484 554 520 11

113 541 184 598 illue
202 537 290 594 tendit
308 538 360 595 iter
380 540 518 596 modulans
537 541 670 594 exereitus
689 541 795 608 omnis,

156 619 292 668 Consonat
311 630 389 666 omne
410 630 523 681 spectra,
542 631 687 682 vocemque
705 616 804 667 inclusa
823 618 950 682 volutant

154 689 272 752 Litora,
292 685 391 752 pulsati
410 686 508 751 eolles,
529 689 665 754 vallesque
684 688 861 759 profundae,

151 760 189 812 Et
205 773 260 812 vox
279 773 390 810 ascensu
410 758 501 826 procul
520 758 684 827 ingeminata
703 760 836 827 remugit,

60 892 65 899 ,
153 829 356 898 sylvestresque
375 830 470 882 choros
488 830 610 882 habitare
628 848 677 901 per
697 837 775 882 antra
797 846 913 901 putares,

152 903 255 968 Perque
272 916 354 955 cavas
373 918 476 968 rupes,
497 921 545 971 per
561 918 678 955 concava
698 919 760 954 saxa
775 943 784 970 ,
799 922 845 972 per
866 924 950 978 arva,

154 973 211 1042 Qui
230 972 329 1041 passim
348 970 469 1040 magnum
489 968 613 1027 referunt
633 976 666 1025 ad
686 976 781 1029 Sidera
800 992 898 1032 nomen

152 1043 272 1101 Vocibus
292 1045 399 1097 alternis
418 1046 501 1113 tem,
520 1058 670 1115 nomenque
691 1047 802 1102 Mariae.

515 1131 546 1170 ra

118 1188 226 1242 Interea
246 1186 355 1240 attoniti
374 1188 490 1241 Thraces
509 1208 524 1241 e
542 1191 682 1243 moenibus
701 1189 763 1243 altis
837 1212 840 1223 ¹

153 1262 319 1316 Perlustrant
337 1261 420 1312 oculis
438 1279 573 1332 pompas,
592 1265 708 1329 ritusque
728 1278 884 1333 sacrorum,

155 1333 283 1400 Quosque
302 1332 439 1384 volutabat
459 1347 533 1402 gyros
551 1336 681 1388 exercitur
700 1336 805 1399 omnis,

153 1405 224 1456 Dum
244 1401 329 1456 tendit
347 1404 466 1473 palmas,
487 1413 514 1456 et
533 1405 608 1459 Coeli
626 1406 735 1457 numina
754 1406 862 1475 poscit,

154 1476 223 1529 Ausi
239 1488 290 1527 nee
309 1493 414 1544 prorsus
432 1477 498 1528 rltut
516 1481 627 1530 turbare
646 1476 786 1531 verendos.

153 1545 193 1598 At
210 1553 349 1616 postquam
368 1559 456 1616 stupor
470 1553 579 1602 evanuit
597 1552 718 1602 novitate
737 1548 871 1615 repulsa,

158 1618 292 1669 Clamores
309 1618 386 1671 simul
404 1621 555 1673 horrendos
573 1622 606 1674 ad
626 1622 721 1672 Sidera
735 1620 853 1684 tollunt,

162 1687 199 1739 Et
218 1687 312 1742 circum
329 1690 481 1745 maledictis
501 1693 643 1745 intonuere
662 1708 790 1744 recessus.

521 1766 553 1816 13
875 1811 878 1815 .

122 1829 201 1885 Hand
218 1830 280 1885 ideo
297 1831 402 1902 melos,
424 1836 498 1891 haud
518 1837 648 1906 hymnos,
668 1845 694 1889 et
713 1828 835 1888 earmina
853 1831 952 1907 linquit

157 1906 230 1962 Gens
248 1905 350 1959 devota
367 1907 425 1960 Deo
443 1922 522 1962 cantu
542 1911 690 1963 alternante
708 1908 852 1974 vicissim,

156 1975 216 2030 Neo
235 1978 349 2031 cervices
369 1980 497 2033 clamores
515 1979 635 2037 deflectit
654 1980 685 2033 ad
707 1981 793 2042 illos,

159 2046 226 2100 Non
244 2064 320 2102 secus
338 2068 369 2103 ao
386 2063 493 2104 anatum
512 2053 609 2105 faceret
627 2053 757 2104 clamante
776 2063 908 2116 catervat

161 2118 270 2187 Spicula
289 2137 339 2174 nee
358 2119 455 2177 validis
474 2127 596 2191 quamvis
616 2127 717 2175 intorte
735 2124 842 2173 lacertis

161 2192 232 2242 Tam
251 2193 341 2259 procul
359 2195 422 2247 hinc
441 2199 535 2248 emissa
555 2200 646 2252 valent
664 2196 771 2246 turbare
793 2194 931 2260 quietem3

159 2260 231 2315 Hine
248 2264 353 2331 placide
373 2277 481 2337 possunt
500 2285 590 2320 saoras
610 2267 750 2320 absolvere
768 2282 899 2335 pompat,

161 2332 327 2388 Errantem
347 2339 469 2407 precibus
487 2340 587 2408 coeptis
607 2340 741 2409 imponere
761 2335 852 2393 linem·

526 2431 537 2461 l
823 2457 825 2462 ,

125 2474 222 2534 There
240 2479 310 2531 ealet
327 2479 439 2534 fumanti
456 2483 509 2551 jam
529 2414 575 2533 aia
594 2480 621 2531 in
642 2478 742 2534 vertice
762 2478 859 2545 collis,

164 2551 246 2602 Sacra
264 2552 386 2605 minister
403 2556 449 2606 ubi
465 2554 547 2607 sumit
563 2553 691 2605 libamina
712 2567 816 2604 mentae

164 2621 321 2675 Coeleslls:
342 2626 463 2678 sublimis
482 2636 593 2693 utraque
612 2642 643 2675 ex
665 2631 736 2691 parte
756 2622 873 2674 micabat

163 2696 205 2750 Ex
226 2710 290 2747 suro
310 2697 424 2749 rutilans
442 2699 544 2762 lampas
562 2713 685 2750 succensa
705 2714 750 2763 per
769 2697 852 2762 ignes.

164 2767 286 2821 Antister
305 2768 452 2821 Gulielmus
471 2770 509 2820 ibi
528 2781 618 2834 ostro,
639 2786 751 2836 auroque
771 2770 885 2836 rigentes
942 2775 945 2780 ’

166 2839 232 2891 Arte
249 2840 385 2892 laborator
403 2841 470 2893 alios
488 2841 602 2892 desumit
617 2839 740 2894 amictus.

165 2910 233 2962 lade
253 2909 335 2963 silens
353 2918 429 2975 orat)
450 2913 546 2965 dehinc
565 2926 649 2966 errata
669 2912 785 2975 latente,
905 2976 911 2989 ι

167 2982 289 3052 Tumque
307 2982 366 3037 Deo
384 2994 524 3054 gratesque·
538 2984 642 3053 νεῖαι)
662 2992 689 3040 et
707 2983 826 3038 Numina
841 2988 934 3046 poscit·
