2167 3750
212 330 318 394 emsa
335 327 664 405 unemusnurauus
802 390 805 395 ,
834 331 890 408 ιιι

459 481 490 533 51

49 557 130 612 lluno
149 559 268 621 relegam
286 552 377 619 paneis
396 570 462 619 quae
483 560 576 622 postea
594 548 663 601 laeta
686 547 780 613 suere,

82 631 122 681 Et
143 627 241 677 seriem
258 642 342 674 rerum
363 625 480 689 ignotam
501 639 625 676 sermone
644 617 788 674 revolvam.

86 700 127 750 Ut
146 696 271 765 praedam
290 697 424 761 tantisque
441 696 512 746 dolis
532 704 658 760 tantoque
677 694 769 745 labore

88 772 208 823 Portam
218 767 327 818 Armida
346 767 399 820 sibi
418 768 517 818 auferri
535 767 673 834 conspexit
692 767 808 831 iniqua,

89 837 181 891 Tacta
200 830 295 890 dol‘ore
314 856 406 890 manus
424 841 514 891 ambas
533 850 595 890 tune
614 840 691 889 dente
710 841 851 892 momordit

89 910 207 979 Atque
200 927 238 961 tra
257 911 395 977 indignate
410 911 582 963 frementem
601 928 647 961 ore
665 911 774 975 loqruta
793 919 845 969 est.

91 982 175 1036 Absit
190 994 218 1034 ut
235 982 280 1034 ille
299 984 365 1033 ineis
385 984 418 1033 de
437 991 481 1033 tot
499 985 617 1035 retulisse
637 982 799 1047 triumphum
816 1013 824 1024 «

92 1054 242 1120 Gaudeat,
260 1064 287 1105 et
306 1055 389 1106 tantis
407 1071 434 1105 se
453 1057 563 1107 extollat
582 1055 667 1122 gloria
687 1054 775 1111 rebus.

455 1130 489 1178 52

59 1198 138 1268 Quae
158 1197 283 1250 scelerate
301 1198 353 1249 tuis
370 1199 465 1266 rupisti
486 1200 586 1264 vinela,
605 1198 739 1263 Riuslde,

97 1271 149 1322 llla
170 1271 317 1337 pedesque,
337 1286 481 1337 manusque
499 1279 561 1322 tuae
580 1273 627 1323 sub
647 1273 760 1324 carceris
786 1270 893 1324 umbras

98 1344 220 1412 Tempus
237 1342 267 1391 in
286 1359 361 1393 omne
379 1342 474 1393 ferent.
496 1344 553 1394 Nec
572 1350 621 1394 sat.
639 1345 689 1393 Per
703 1346 803 1395 lumina
821 1342 891 1394 coeli

99 1414 247 1467 Commune
265 1412 293 1463 in
312 1420 392 1480 caput
411 1413 516 1464 excidet
534 1414 705 1481 irreparabile
725 1415 860 1467 damnum.

100 1486 147 1537 Sic
167 1490 226 1551 ait,
246 1499 271 1535 et
289 1485 392 1535 facinus
411 1484 609 1552 fraudumque,
643 1485 749 1554 dolique
769 1488 893 1555 magistra

102 1559 190 1611 Triste
209 1563 308 1628 paral,
329 1559 463 1609 Gallorum
483 1559 517 1608 ad
536 1559 707 1609 ineluctabile
727 1562 864 1612 damnum·

100 1628 219 1683 Advolat
237 1629 283 1679 illa
304 1630 392 1691 louos,
411 1629 458 1678 ubi
476 1629 586 1680 devicto
606 1631 709 1694 agmine
728 1633 813 1684 fortis

101 1702 221 1755 Donarat
238 1701 351 1754 comites
370 1701 428 1762 jam
446 1703 575 1762 libertate
594 1702 735 1753 llinalrlus

68 1844 155 1916 Quum
174 1847 303 1917 posuisset
322 1845 394 1898 lruini
413 1863 459 1898 sus
478 1814 550 1900 isola
570 1848 650 1900 caede
669 1846 797 1899 Riualdus
842 1884 849 1897 ,

102 1918 184 1971 Arma
205 1923 266 1983 ibi,
286 1920 424 1980 cuiusdam
442 1921 495 1970 sibi
515 1922 628 1988 surnpsit
647 1922 740 1972 militis
759 1936 831 1971 arma

105 1992 191 2044 Caede
211 1993 361 2062 perempti,
381 1993 486 2057 ignotus
504 2001 534 2043 ut
554 1996 606 2045 iret
626 1993 740 2044 forsitan
761 1993 877 2043 hostes

104 2064 137 2114 lu
154 2065 259 2125 ‚medios
278 2080 331 2115 uon
354 2074 406 2113 tam
427 2067 496 2116 notis
515 2065 691 2119 circumdatur
711 2065 802 2115 arinis.

106 2136 272 2188 Truneatum
291 2151 385 2204 eorpus
403 2135 575 2188 circumdedit
594 2139 667 2189 hisee
687 2139 800 2199 cruentis

106 2207 157 2261 ltta
177 2208 278 2269 armis,
297 2208 434 2274 posuitque
452 2208 538 2274 pelam
558 2227 631 2261 secus
650 2212 737 2260 amnis
758 2207 791 2261 ad
810 2221 880 2272 oras,

107 2279 169 2346 Quo
188 2281 258 2348 legio
277 2279 382 2331 Gallum
402 2295 479 2345 saepe
498 2281 643 2332 adventare
663 2283 778 2343 solebat,

106 2352 198 2422 Atque
217 2351 392 2406 adventorum
413 2351 545 2418 siquidem
565 2361 747 2420 praesenserat
765 2352 824 2414 illa.

77 2498 111 2553 Et
128 2503 235 2570 poterat
250 2506 319 2549 terte
338 2494 447 2547 Armida
465 2497 537 2546 hune
557 2512 725 2565 praenoscere
743 2510 853 2557 casum,

111 2573 234 2640 Namque
253 2587 300 2639 per
317 2569 439 2621 excubias
454 2570 562 2622 nircum
582 2568 716 2636 explorare
736 2568 855 2628 solebat,

112 2644 191 2696 Unde
210 2643 362 2709 frequenter
381 2647 437 2692 erat
455 2640 489 2692 de
507 2640 584 2691 rebus
605 2642 675 2692 lecta
694 2658 740 2709 per
759 2641 817 2692 illas

113 2714 238 2778 Certior,
259 2720 287 2764 et
304 2715 398 2781 quisve
417 2729 450 2763 ea
469 2715 566 2763 cestris
581 2714 741 2764 obeundus
734 2730 763 2762 ιιι
782 2729 877 2778 agros,

79 2805 89 2831 ι
114 2787 215 2853 Quisve
236 2785 308 2837 foret
327 2783 485 2836 remeandas
504 2785 560 2846 ism
579 2795 753 2853 perspexerat
772 2797 843 2836 ante.
867 2781 872 2793 “

114 2858 191 2911 Adde
211 2857 284 2925 quod
303 2857 422 2909 infernas
439 2858 516 2924 longo
535 2873 657 2909 sermone
675 2868 793 2909 catervas

116 2927 291 2997 Alloquitue3
309 2931 411 2998 Corpus
430 2936 553 2981 truncum
572 2946 636 2997 ergo
655 2931 682 2980 in
702 2942 778 2997 parte
797 2927 911 2995 locavit,

116 2999 183 3074 Spes
202 3002 258 3077 ubi,
266 3017 314 3076 per
324 3001 438 3058 desudes
456 3019 485 3056 se
501 3018 575 3077 posse
591 3003 699 3059 eludere
710 3003 838 3060 Francos.

648 3078 662 3107 1
