2167 3750
219 397 325 454 Ll‘llEll
342 397 667 454 nsscrnustssnnws,
812 396 859 449 123

431 553 440 589 1

43 609 125 666 Turba
143 614 220 668 redit
238 611 363 683 perculsa
381 557 474 676 metri,
494 614 647 681 turbataque
666 615 771 680 eorde,

67 684 166 753 Resque
184 685 290 740 referre
310 683 402 735 volens
421 682 488 735 adeo
506 684 617 737 conluta
634 692 758 753 pererrat

67 756 144 809 Mens
162 756 262 825 agitata
282 760 375 819 metu,
389 760 418 805 ut
432 771 473 806 res
491 754 565 823 ipsas
577 792 585 819 ‚
597 757 721 824 dietaque
739 757 856 823 miscens

67 825 103 877 Et
112 838 218 882 moveat
231 827 332 890 risum,
346 835 423 893 atque
437 827 571 879 insomnia
585 839 705 879 munstre
717 834 859 895 putentur.

68 897 144 950 Tune
165 901 265 951 Rector
283 894 371 949 fabros
390 896 474 948 lectae
492 896 525 947 cle
545 897 611 951 flore
629 902 758 963 juventae

69 971 189 1040 stipatos
209 969 267 1021 aeie
286 966 322 1019 ad
339 965 429 1033 sylvae
448 967 582 1021 caedenda
599 970 713 1023 remittit

71 1042 177 1108 Ligna,
198 1039 295 1108 quibus
312 1036 451 1089 debellatis
470 1050 626 1107 utcumque
645 1041 750 1110 periclis

70 1113 187 1167 Adderet
204 1106 323 1173 abiectis
340 1107 443 1160 unimus
458 1146 467 1175 ,
485 1110 625 1181 lucumque
643 1119 778 1167 secarent.

432 1192 466 1234 πο

41 1257 74 1307 Ut
89 1254 206 1322 primum
227 1252 288 1303 lueo
306 1249 456 1317 secedunt,
476 1272 526 1323 quo
545 1254 641 1305 lleetor
658 1250 762 1308 Averni
838 1312 841 1321 Ι

73 1324 261 1378 Transtulerat
280 1322 373 1388 sedes,
390 1337 416 1375 et
434 1336 532 1379 tartara
552 1340 630 1390 regna
647 1324 759 1381 locarat.

73 1398 146 1449 lilius
165 1395 273 1447 umbras
292 1403 320 1447 ut
337 1395 452 1463 primum
471 1412 596 1466 aspexere
616 1396 758 1464 cohortes,

71 1468 194 1534 Obriguit
215 1465 420 1534 gelidns‘subita
439 1466 585 1521 formidine
603 1466 720 1533 sanguis.
797 1514 801 1523 .

70 1539 105 1590 Ar
123 1541 201 1591 vultu
220 1539 368 1600 simulant,
388 1532 519 1605 altumque
539 1542 568 1592 in
587 1538 859 1607 corderprementet,

71 1610 193 1662 Ulterius
211 1609 311 1662 radunt
330 1608 482 1661 stimulante
502 1612 623 1679 pudore,
643 1594 778 1663 tirlloretn.

71 1681 173 1748 Sieque
193 1680 394 1747 propinquantes
412 1684 519 1732 nemori
537 1682 596 1732 luoa
615 1697 681 1749 pene
700 1680 827 1733 tenebant

72 1752 201 1805 Carmine
221 1750 326 1803 Circaeo
345 1751 472 1807 monstris
490 1753 554 1805 data
575 1753 685 1822 pignora
704 1750 816 1806 Averni.

423 1837 454 1874 αι

40 1895 104 1947 Corn
123 1893 215 1947 sulrito
234 1912 294 1948 ecoe
313 1894 526 1960 sonusjnridens
544 1896 597 1961 fis,
617 1904 645 1948 ut
663 1892 751 1948 exolta
768 1898 844 1960 motu

73 1966 184 2018 Insolito
205 1972 332 2036 tremeret
350 1967 445 2031 tellus,
465 1978 543 2036 atque
562 1977 639 2019 antra
658 1968 777 2020 horrent.

74 2038 184 2091 AEthera
206 2038 370 2089 substridunt
389 2056 562 2106 magnorum
586 2056 717 2096 murmure
737 2036 836 2090 circum
853 2055 864 2101 ς

70 2111 250 2177 Desaevitque
269 2109 378 2172 Notus,
396 2111 534 2179 pelagique
552 2108 827 2164 admurmurstunda.

72 2181 149 2234 Visus
168 2182 209 2234 ibi
227 2181 315 2250 rugire
334 2182 395 2244 loo;
414 2189 440 2233 et
457 2182 523 2236 dare
542 2181 622 2235 sibila
642 2197 771 2250 serpens;

73 2252 131 2306 viai
148 2251 252 2305 ululare
273 2253 349 2319 lupi,
369 2264 395 2305 et
413 2251 523 2307 fremere
542 2255 599 2306 ursi
619 2258 724 2320 gutture
742 2266 849 2318 rauco,

74 2322 106 2373 Et
124 2324 244 2376 sonitum
265 2326 379 2377 miscere
399 2325 500 2390 tubae,
521 2327 673 2390 coekrmque
692 2323 803 2375 micare.

75 2396 212 2448 Murmura
232 2404 274 2448 tot
293 2394 371 2449 simul
390 2396 496 2448 aethere
509 2397 717 2471 commiscentur
731 2396 864 2445 inunum.

432 2481 465 2517 22

52 2535 175 2591 Omnibus
195 2553 243 2590 ora
262 2544 332 2591 metu
352 2538 475 2609 pallent,
495 2551 522 2591 et
539 2536 650 2606 frigidus
666 2536 762 2587 horror
834 2583 840 2600 .

78 2610 199 2662 llembra
218 2611 304 2676 quatit
317 2621 397 2662 tuuc:
413 2610 486 2662 unlla
505 2610 582 2661 datur
600 2610 722 2661 simulare
736 2610 860 2671 potestas.

76 2678 137 2732 Nou
158 2682 232 2735 valet
252 2699 294 2732 ars
309 2703 318 2747 3
331 2699 386 2734 non
406 2700 479 2733 mens
497 2682 563 2734 adeo
582 2681 707 2733 cohibere
726 2678 863 2739 timorem,

76 2753 110 2802 Ut
128 2753 207 2805 detur
228 2752 373 2805 alteriusve
393 2752 450 2817 ire,
469 2763 514 2804 aut
532 2768 668 2806 remanere
687 2754 825 2823 potestas:

78 2823 160 2875 AEnea
179 2841 230 2875 neo
250 2831 359 2893 possunt
377 2824 523 2878 munimina
543 2825 659 2893 corporis
679 2826 760 2876 altam

76 2891 232 2966 Propuleare
251 2895 377 2948 latentem
396 2899 468 2960 vim,
488 2915 560 2965 quae,
575 2903 685 2964 pectora
702 2893 798 2965 pulsat.

77 2962 221 3034 Dfflngiunr
233 2965 339 3022 tandem
353 2974 451 3035 ,atque
461 2966 537 3036 lappe
550 2966 612 3019 dare
624 2978 698 3036 terga
715 2974 865 3019 necessum«

78 3035 215 3095 Rectorem
233 3056 267 3092 ex
286 3039 341 3094 illis
359 3056 451 3095 causae
469 3039 506 3094 sie
528 3040 622 3096 edocet
641 3056 718 3093 uuus.
