2167 3750
258 209 364 274 mous
381 206 701 273 uncinusr'nniius'
775 192 777 195 ’
870 226 919 292 107
993 185 996 190 i

75 429 138 496 Vns
158 432 236 488 coeli
254 444 394 502 proceres,
413 449 478 498 qnos
492 432 607 485 fulmina
626 443 706 485 saeva
725 435 858 490 Tonantis

115 509 256 571 Deiecere
275 503 375 567 astris,
393 503 475 554 dictis
495 504 628 556 advertite
647 506 754 558 nostris.

114 582 259 645 Vosque,
276 575 406 644 proeellas
422 570 469 640 qui
490 581 711 644 tempestatesque
731 591 840 630 sonoras

115 650 191 704 Aera
209 663 258 717 per
277 663 389 699 vacuum
407 657 529 697 errantes
549 662 678 717 persaepe
696 648 798 710 eietis;

116 724 156 776 Et
175 736 225 772 ros
245 716 290 784 qui
304 727 395 771 sontes
414 715 516 768 animas
536 718 697 768 Acherontis
716 718 745 768 in
764 720 826 771 irnis

117 789 239 844 sednm
257 787 359 841 inferni
376 783 489 838 llammis
508 789 637 856 torquetis
653 790 682 839 iu
701 806 806 846 aerum·

118 864 181 914 Vos
200 859 282 912 Erebi
299 857 396 923 eires,
414 857 466 909 buc
484 858 528 921 eja
547 869 629 912 astate
648 861 744 925 vocati,

120 935 220 1002 Tuque
239 928 311 983 adsis
332 931 438 1000 pariter
457 930 530 1007 nigri
551 931 704 984 dominator
723 932 836 988 Averni.

91 1073 219 1143 Accipite
236 1073 287 1127 boc
307 1068 422 1126 statione
440 1068 533 1149 nepiius
551 1084 638 1128 rostra
656 1084 711 1127 arte
729 1077 857 1129 tuendum
873 1096 883 1144 ;

123 1146 252 1215 Accipite
272 1152 302 1198 et
321 1145 445 1213 plantas,
461 1162 524 1212 quas
541 1146 619 1201 vobis
638 1146 673 1196 do
691 1162 861 1216 numeratas3

124 1221 218 1286 thue
239 1216 329 1269 anima
348 1216 419 1267 intus
437 1216 484 1267 alit
501 1232 596 1286 corpus
615 1218 705 1268 diffusa
718 1237 765 1286 per
784 1229 875 1282 artus,

127 1292 176 1344 Sic
194 1285 275 1344 robis
295 1287 330 1339 sit
348 1284 456 1353 quisque
476 1289 561 1340 frutex
580 1289 686 1351 doinus,
701 1289 803 1358 imaque
823 1295 921 1358 sedes;

126 1359 243 1413 Talibus
262 1370 292 1410 ut
308 1357 392 1411 tarvis
410 1358 493 1426 fugiat
513 1360 669 1425 perterritus
686 1359 790 1426 bostis,

126 1433 186 1489 Nec
206 1430 343 1498 quisquam
362 1428 457 1481 audeat
474 1447 507 1481 ex
527 1431 612 1483 Gallis
632 1431 787 1482 abscindere
807 1433 918 1500 plautas.

126 1507 201 1557 llaec
214 1496 274 1563 ait,
292 1510 319 1551 et
337 1517 403 1569 quae
422 1502 539 1554 earmina
558 1502 676 1554 subdidit
696 1520 743 1553 ore
761 1509 922 1575 tremendo,

128 1576 214 1630 Nulla
230 1572 327 1626 referre
344 1578 432 1647 potest
449 1575 535 1641 stygio
552 1576 606 1626 nisi
625 1573 715 1643 lingua
731 1592 849 1629 veneno.

93 1716 145 1775 His
165 1728 244 1768 coeca
261 1714 391 1785 ferrugine
408 1712 488 1767 dictis
509 1723 579 1768 astra
599 1727 743 1784 teguntur,

129 1790 332 1855 Densanturque
353 1788 468 1840 obductu
486 1791 575 1842 noetis
596 1789 653 1839 luce
672 1787 798 1838 tenebrae

130 1858 291 1911 Stellarum:
311 1858 378 1930 latet
396 1857 485 1911 abdita
504 1861 583 1930 nigro
601 1859 811 1929 Cyntia'vnltu‚
834 1889 839 1896 ·
920 1870 924 1896 ¹

130 1931 265 1998 AEgraque
284 1933 329 1983 sub
348 1931 451 1988 nebulis
463 1931 612 1986 ‘abscondit
631 1949 727 1984 cornua
744 1938 841 1983 terrae.
937 1936 940 1940 ’

128 2004 280 2068 ingeminat
299 2019 377 2057 voces
395 2018 486 2070 magus
505 2003 605 2072 ingenti
625 2006 728 2057 excitus
748 2004 812 2055 ira:

132 2074 209 2138 Quae
229 2084 317 2134 tautae
336 2086 441 2126 tenuere
459 2091 549 2128 morae
569 2092 617 2130 vos
635 2076 743 2127 numina
762 2074 872 2142 abyssi?

131 2146 169 2196 Ut
188 2146 253 2218 quid
271 2147 342 2197 enim
363 2146 450 2214 lugitis
468 2149 571 2200 nostris
589 2163 683 2215 parere
702 2160 799 2199 vocata

124 2216 310 2287 Praeceptis?
329 2237 363 2273 an
381 2236 445 2287 opus
463 2219 560 2281 majori
577 2234 644 2275 voce
663 2217 795 2288 fatigem?
848 2285 850 2288 Ι

202 2317 207 2323 ·
502 2304 534 2341 io

99 2356 170 2410 Hanc
189 2366 276 2412 artem
295 2359 352 2430 ipse
371 2361 420 2413 diu
436 2378 492 2412 non
511 2379 631 2416 exercerc
651 2363 740 2415 suetus

132 2428 269 2483 Auxilium
288 2433 322 2483 ad
341 2440 442 2503 ternpus
462 2434 526 2485 dare
540 2451 602 2484 num
622 2451 678 2484 sum
696 2432 793 2484 oblitus
811 2431 924 2482 siden?

132 2501 204 2551 Illud
224 2513 251 2556 et
270 2521 313 2555 ore
333 2516 441 2557 cruento
459 2507 562 2569 altum,
582 2523 613 2555 ac
630 2504 785 2558 venerabile
803 2520 921 2566 nomeu,

132 2572 214 2639 Cujus
233 2573 268 2626 ad
286 2576 321 2626 im
342 2578 427 2627 crium
447 2577 564 2646 trepidat
584 2578 725 2629 conterrita
743 2576 838 2641 Ditis3

134 2641 212 2710 Cujus
232 2649 304 2709 jussa
322 2594 387 2698 iacit
405 2647 483 2700 velox
503 2650 636 2715 Regnator
655 2647 772 2710 averni,

132 2709 210 2767 Nunc
229 2733 298 2784 ege,
318 2717 340 2770 si
359 2730 461 2786 tempus
479 2722 588 2790 poscit,
609 2721 725 2788 proferre
744 2717 845 2773 valebo.

53 2855 59 2860 ρ
133 2781 184 2845 Eia
195 2787 389 2858 agite..Ecquid
400 2790 573 2874 adbuc...jam
586 2793 699 2844 fundere
711 2791 785 2859 plura
798 2789 919 2862 parabat,

133 2852 198 2921 (illm
214 2862 358 2934 simulacra
378 2862 451 2921 videt
466 2867 574 2939 penitus
593 2866 723 2936 completa
739 2876 789 2934 per
809 2877 897 2920 auras.»
